3984 5000
453 2147 640 2229 ηψπῖι
660 2166 862 2214 emtus.

919 197 1067 338 358
1990 312 1999 324 ,⁸
2043 235 2382 313 ANNUS
2432 240 2610 342 787.

911 383 1512 514 rempublicam
1547 391 1759 501 fore,
1923 385 2283 484 Perculsi
2332 414 2507 484 tam
2556 395 2819 482 atroci
2854 390 3235 484 sermone
3278 397 3734 513 optimates

911 557 1097 642 ⁴tum
1139 535 1478 652 quidem
1519 531 1940 650 prorogari
2001 534 2149 622 fibi
2212 551 2544 647 tempus
2572 599 2623 645 ‚‚
2666 545 3028 650 eumque
3094 533 3319 622 diem
3372 537 3475 625 ad
3539 537 3741 628 deli·

910 675 1368 774 herandum
1417 671 1770 763 concedi
1799 669 2307 783 postulabant
2332 740 2358 783 ,
2400 669 2811 760 redituros
2861 667 3509 787 Wifl'ehradmm
3548 703 3741 764 cum

910 815 1272 930 primum
1311 807 1734 899 iliuxifl’et.
1813 808 2215 900 Ceterum
2258 807 2741 898 sacramenti
2783 834 3203 900 memores
3242 808 3745 934 submittunt

909 948 1319 1039 continuo
1377 947 1965 1060 integerrimos
2022 973 2143 1038 ex
2206 945 2352 1036 suo
2404 972 2756 1035 numero
2780 1015 2809 1058 ‚
2888 948 3030 1065 qui
3091 942 3565 1064 Principem
3632 947 3739 1040 de

911 1069 1438 1177 Wrfl'ovecii
1507 1084 1814 1174 insidiis
1871 1084 2229 1175 doceant
2253 1152 2281 1198 ,
2364 1103 2923 1200 moneantque
2948 1155 2974 1198 ,
3066 1088 3156 1173 ni
3214 1089 3479 1201 prima
3550 1091 3740 1178 luce

907 1225 1465 1318 infidiatorem
1509 1245 1916 1336 occupare
1964 1224 2499 1314 maturaverit
2523 1292 2551 1336 ,
2620 1222 2980 1336 perditas
3048 1224 3219 1321 fine
3280 1225 3536 1314 dubio
3600 1254 3739 1316 res

907 1362 1126 1453 fore.
1357 1359 1591 1450 Nihil
1625 1377 1803 1450 'tam
1845 1362 2067 1450 acuit
2102 1362 2423 1452 animos
2468 1359 2939 1450 mortalium
2969 1429 2996 1473 ‚
3068 1390 3312 1476 quam
3356 1365 3731 1452 amitten·

910 1503 1199 1592 darum
1238 1525 1516 1589 rerum
1557 1500 1813 1588 timor
1834 1566 1860 1611 ‚
1938 1526 2185 1614 quam
2225 1500 2562 1615 perfidia
2600 1498 3135 1610 ingratorum.
3350 1473 3739 1590 Territus

909 1663 1166 1752 ergo,
1235 1657 1332 1728 ut
1389 1665 1529 1753 par
1571 1655 1797 1750 erat,
1867 1631 2266 1752 Princeps
2308 1632 2723 1754 prehenso·
2778 1635 3006 1736 illico
3069 1638 3372 1727 itinere
3431 1635 3744 1728 Wifl'e-

909 1777 1253 1868 hradum
1301 1770 1575 1889 subit,
1647 1794 1896 1891 atque
1937 1803 2088 1888 per
2133 1778 2715 1866 centurionum
2758 1771 3175 1865 fidiffimos
3218 1775 3424 1862 nihil
3467 1778 3745 1866 minus

911 1915 1318 2029 cogitanti
1357 1913 1677 2002 homini
1729 1930 2061 2001 catenas
2108 1913 2336 2026 injici
2369 1914 2615 2027 jubet
2632 1979 2658 2025 ,
2712 1897 2813 1992 (⁶)
2910 1939 3305 2029 moxque
3349 1915 3543 2003 loco
3588 1923 3750 2004 hoc

541 2052 874 2145 erefimn
849 2073 1007 2144 ut
1047 2067 1561 2161 moreretur,
1581 2050 1971 2164 fibique
1993 2049 2167 2166 ipse
2208 2049 2413 2141 effet
2451 2049 2825 2165 carnifex
2870 2051 3173 2139 statuit.
3364 2047 3741 2142 Perfidus

905 2219 1070 2284 nec
1171 2186 1579 2303 Principis
1649 2189 1938 2277 oculos
2004 2185 2336 2302 ferens,
2406 2217 2569 2278 nec
2626 2181 2962 2278 veniam
3015 2184 3348 2276 sceleris
3416 2186 3745 2304 sperans

910 2328 1200 2421 adacto
1243 2353 1488 2416 manu
1526 2323 1730 2416 sua
1707 2354 1796 2414 ιιι
1839 2325 2053 2415 latus
2086 2353 2487 2418 mucrone
2530 2328 2936 2418 exanimis
3004 2344 3197 2413 ante
3240 2326 3500 2459 pedes
3570 2354 3747 2414 cor·

913 2469 1110 2560 ruit.
1163 2448 1271 2551 (⁶)
1485 2457 1868 2555 Sublato
1877 2447 1931 2553 e
1973 2463 2417 2581 conspectu
2462 2467 2864 2555 cadavere
2906 2489 3307 2582 rogavere
3360 2459 3745 2555 Mnatam
3856 2481 3864 2486 “

918 2636 1360 2725 proceres:
1434 2608 1525 2695 in
1583 2604 1948 2719 paternis
2016 2603 2105 2693 ὃς
2156 2606 2415 2695 avitis
2499 2623 2595 2694 ut
2666 2601 2995 2693 sedibus
3055 2601 3358 2715 morari
3428 2600 3741 2691 rursum

919 2748 1282 2863 occipiat
1312 2813 1337 2857 ,
1407 2740 1936 2864 praesentiam.
1949 2736 2354 2857 Principis
2408 2742 2885 2853 desiderari,
2954 2741 3042 2829 id
3086 2739 3538 2828 utilitatem
3582 2740 3737 2827 rei·

913 2884 1268 2997 publicae
1292 2946 1318 2994 ‚
1393 2881 1482 2967 id
1523 2898 1662 2967 tot
1700 2878 1981 2967 arduas
2050 2876 2457 2969 causarum
2514 2877 3172 2967 conflibtationes
3237 2872 3735 2992 exposcere·
3708 2944 3741 2988 ‚

916 3021 1200 3135 quodi-i
1250 3018 1621 3128 faceret,
1692 3016 2119 3103 neminem
2160 3014 2913 3133 obsequentiorem
2968 3016 3438 3103 habiturum
3490 3042 3745 3129 popu·

767 3226 772 3233 .
913 3157 1000 3247 lo
1054 3158 1502 3249 Czechico.
1561 3170 1569 3177 ’
1713 3146 1832 3243 Et
1871 3179 2080 3242 vero
2120 3150 2419 3245 Mnata
2455 3156 2674 3245 ultro
2722 3150 2951 3244 ceffit
2988 3180 3239 3270 aequae
3273 3128 3739 3269 postulatio-

1053 3297 1151 3386 ni
1176 3365 1203 3410 ,
1283 3296 1819 3409 benigneque
1857 3316 2299 3407 procerum
2357 3294 2587 3384 votis
2648 3291 3159 3382 subscribens
3180 3358 3205 3400 ,
3285 3286 3602 3381 Wiffe-
3750 3277 3761 3289 ’

1337 3432 1676 3527 hradum
1717 3456 1964 3547 porro
2009 3428 2608 3548 sempiternum
2649 3430 2798 3521 fibi
2832 3427 3016 3523 fore
3066 3426 3327 3519 domi-
3384 3484 3389 3489 ·

1957 3565 2241 3659 einum
2308 3566 2708 3683 fidejuflit.

1971 3814 2232 4046 a>
2305 3871 2368 3935 0
2442 3820 2717 3971 <aas
