3984 5000
956 378 1109 477 360
2081 366 2422 451 Annus
2495 379 2670 470 84⁸7.

944 534 1507 633 animantibus
1552 529 1760 627 feris
1830 535 2251 651 peculiare
2313 536 2434 625 est
2458 603 2486 648 ,
2557 560 2742 654 quae
2810 534 3138 653 irritata,
3185 532 3481 650 jaculis
3507 603 3535 651 ,
3611 526 3846 633 dum
3965 520 3967 525 ’

946 674 1041 775 in
1086 678 1565 773 venaticam
1611 702 1957 767 omnem
2001 678 2336 769 tun-bam
2375 672 2670 767 saevire
2701 672 2794 769 se
2837 672 3068 794 pofl’e
3117 672 3590 794 desperant,
3621 706 3854 775 eum

946 846 1208 913 unum
1270 834 1577 937 petunt
1632 816 2060 907 mordicus
2087 886 2114 930 ,
2191 842 2448 937 quem
2505 816 3154 909 luculentiorem
3219 816 3614 910 inflixffl’e
3671 822 3860 939 pla-

945 988 1143 1081 gam
1180 976 1605 1081 notarunt.
1820 953 1927 1049 In
1966 954 2159 1052 Hor
2155 958 2530 1073 ymirum
2593 984 2800 1073 ergo
2869 958 3516 1051 collineantibus
3577 958 3848 1057 fofl'oss
3967 1022 3969 1027 -

948 1130 1141 1195 nun
1200 1100 1583 1200 omnium
1650 1097 1871 1189 odiis
1918 1168 1949 1215 ‚
2069 1098 2720 1190 conciliabulum
2791 1094 2942 1188 sub
3015 1101 3254 1191 veris
3320 1102 3844 1219 principium
3917 1138 3928 1149 ·

952 1239 1273 1336 facium
1313 1244 1433 1332 est
1452 1310 1479 1356 ,
1550 1236 2316 1359 consulatumque:
2386 1266 2634 1358 quam
2697 1238 3112 1331 ultionem
3165 1266 3286 1333 ex
3349 1269 3460 1333 eo
3523 1242 3842 1362 exposs·

958 1387 1314 1479 iterent?
1362 1380 1881 1499 ,quibusdam
1932 1381 2251 1497 placuit
2293 1380 2730 1499 inopinum
2771 1383 3246 1498 opprimere
3303 1411 3404 1473 ac
3463 1388 3840 1479 trucida-

954 1552 1053 1619 re
1076 1594 1105 1639 ,
1175 1522 1357 1611 aliis
1400 1545 1689 1638 parum
1734 1522 2186 1613 videbatur
2221 1508 2652 1613 hominem
2693 1520 3178 1639 fimpliciter
3237 1523 3520 1639 perire
3549 1595 3577 1640 ,
3661 1530 3841 1646 pla-
3966 1522 3969 1527 ’

953 1667 1301 1783 cuitque
1348 1662 1621 1754 multo
1660 1690 1874 1781 pane
1912 1662 2006 1753 in
2049 1690 2148 1753 os
2193 1660 2506 1776 injec'to
2547 1660 3030 1779 praefocare.
3175 1660 3836 1782 Disceptatione

948 1806 1072 1897 in.
1100 1824 1442 1922 tempus·
1518 1804 1823 1919 agitata
1844 1871 1872 1919 ‚
1942 1829 2254 1917 magno
2319 1830 2677 1895 numero
2751 1822 3044 1895 contra
3105 1832 3308 1897 eum
3361 1810 3836 1923 proceden-

796 2026 809 2031 -
946 1948 1149 2039 dum
1174 2017 1202 2062 ,
1276 1944 1947 2065 capiendumque
2007 1942 2174 2034 effe
2211 1942 2630 2061 optimum
2686 1942 2970 2036 -visum
3040 1948 3184 2038 est.
3398 1942 3520 2037 Et
3587 1952 3833 2044 ibant

944 2085 1141 2191 sane
1182 2114 1415 2177 novo
1458 2085 1763 2177 mortis
1808 2110 2124 2199 genere
2165 2086 2448 2175 virum
2488 2085 2958 2200 perditum3
3031 2106 3120 2179 at
3159 2086 3592 2180 confilium
3637 2088 3836 2184 Hoa

944 2228 1364 2343 rymirum
1434 2250 1717 2313 rerum
1784 2225 2293 2338 magicarum
2341 2252 2543 2314 -non
2613 2227 2952 2342 penitu‘s
3028 2229 3410 2341 ignarum
3461 2233 3828 2325 minime

942 2368 1193 2460 latuit
1214 2435 1243 2482 ‚
1313 2364 1655 2483 Jamque
1701 2360 2055 2457 fofl'ores
2097 2367 2268 2455 arci
2310 2362 2765 2457 succedere
2813 2368 3143 2461 eminus
3178 2369 3426 2463 vidit.
3627 2370 3823 2490 Ille,
3955 2354 3966 2365 ’

820 2528 829 2544 ·
944 2527 1045 2602 ut
1088 2510 1181 2601 in
1218 2535 1317 2600 re
1358 2507 1733 2602 maxime
1778 2509 2106 2621 angusta
2126 2577 2152 2622 ‚
2227 2533 2424 2596 cum
2495 2511 2778 2600 omnia
2841 2509 3550 2628 circumspicienti
3619 2545 3826 2632 prae-

940 2647 1259 2744 sentius
1296 2648 1701 2742 auxilium
1743 2645 2112 2766 nuspiam
2153 2665 2686 2764 occurreret,
2765 2651 2886 2740 ad
2927 2649 3167 2741 suum
3206 2671 3434 2742 notae
3464 2656 3826 2770 pernici-

944 2791 1154 2883 tatis
1188 2817 1501 2909 equum
1552 2791 1921 2879 Schemik
1964 2786 2284 2878 didium
2331 2790 2780 2903 convolat3
2851 2791 2942 2882 id
2987 2793 3212 2912 quod
3256 2791 3341 2882 ei
3391 2795 3494 2882 ad
3533 2815 3814 2888 extre·

558 2929 915 3018 Fffimm.
946 2955 1181 3022 mum
1225 2929 1469 3020 saluti
1502 2925 1697 3019 fuit.
1920 2924 2448 3042 Fugientem
2485 2957 2638 3046 per
2668 2933 3078 3045 posticum
3123 2932 3524 3026 videntes
3571 2933 3826 3028 foss'o-

466 3021 923 3187 ῗένῖᾰαῖἔω
946 3101 1085 3164 res
1158 3065 1445 3161 omifl’a
1510 3094 1699 3160 arce
1759 3066 1851 3160 in
1906 3068 2201 3161 villam
2265 3089 2517 3190 atque
2585 3075 2878 3162 horrea
2963 3073 3380 3193 impetum
3437 3071 3824 3195 faciunt,

464 3187 809 3274 [menam.
942 3241 1299 3304 acervos
1362 3173 1698 3324 frugum
1739 3210 2196 3330 maximam
2245 3228 2575 3327 partem
2631 3212 3086 3330 diripiunt,
3159 3216 3565 3333 reliquam
3639 3220 3832 3334 igni

947 3370 1324 3448 cremant
1342 3421 1397 3468 ‚‚
1476 3350 1919 3469 auditaque
1990 3354 2112 3442 est
2179 3351 2402 3443 inter
2459 3351 2850 3447 flammas
2901 3357 3603 3449 incendiariorum
3661 3361 3830 3451 cla-

889 3489 909 3503 *
948 3497 1359 3590 mantium
1398 3521 1583 3584 vox
1654 3559 1711 3607 „
1734 3488 2072 3583 Timuit
2095 3487 2574 3587 Horimirus
2619 3491 2964 3619 famem,
2983 3500 3342 3619 patiatur
3377 3497 3724 3594 famem.
3753 3570 3819 3618 ,‚

929 3623 1567 3734 ‘Verumtamen
1609 3625 1943 3746 agrestis
1980 3633 2119 3723 hic
2162 3630 2398 3725 furor
2441 3663 2617 3727 non
2677 3631 2992 3729 cecidit
3037 3636 3616 3754 grass'atoribus
3657 3642 3822 3732 im-

948 3805 1202 3900 pune.
1374 3769 1793 3865 Reversus
1837 3775 2230 3890 postridie
2275 3771 2793 3892 Horymirus
2817 3847 2846 3894 ‚
2916 3796 3172 3898 atque
3209 3809 3324 3872 ex
3375 3791 3484 3872 eo
3520 3782 3816 3882 incen-

948 3921 1095 4013 dio
1123 3988 1148 4033 ,
1220 3915 1311 4007 gc
1344 3914 1579 4034 quod
1622 3911 1944 4008 adiifl'et
1967 3985 1997 4032 ‚
2065 3916 2444 4034 periculo
2487 3916 2740 4012 ferox
2764 3989 2790 4034 ‚
2841 3917 3194 4012 fofl'ores
3231 3918 3820 4043 Przibramenf.
3857 3961 3892 4005 s

903 4059 1081 4155 ‘ses
1120 4056 1232 4180 (ii
1274 4083 1584 4173 nempe
1630 4053 2006 4150 infestius
2061 4085 2230 4178 prae
2271 4058 2583 4150 ceteris
2629 4056 3102 4173 saevierant)
3171 4065 3350 4179 post
3406 4063 3818 4158 delibera-

948 4193 1282 4298 tionem
1316 4199 1737 4292 modicam
1780 4199 1897 4292 fie
1940 4197 2230 4307 ulcisci
2299 4200 2754 4308 constituit.
2823 4216 2834 4230 ‘
2971 4204 3404 4296 concubia
3445 4233 3816 4326 namque

1116 4373 1131 4386 ⁶
3505 4367 3660 4444 no·
