3984 5000
696 356 702 361 ,
855 276 1008 372 246
1745 334 1750 347 .
1961 264 2315 351 *Annus
2359 272 2553 370 7435

863 496 919 551 „
967 453 1366 553 quantum
1395 438 1559 528 tibi
1640 428 2194 592 muliebrique
2274 429 2564 547 generi
2627 426 3123 551 stipendiarii
3183 430 3681 547 vefflg-nes:
3812 460 3821 467 ·

857 638 914 687 „
963 596 1126 691 que
1158 576 1327 686 jam
1375 600 1708 691 quoque
1753 575 1918 663 viri
1957 576 2139 687 sint,
2220 570 2735 687 pernoscant.
2766 640 2822 683 ‚,
2938 565 3081 661 Et
3122 600 3303 663 rem
3350 570 3673 667 ΨΜία

472 730 550 797 r·
551 748 746 797 mmm
851 714 1133 831 pronis
1213 713 1646 827 excipiens
1693 711 2047 801 auri-bus
2132 712 2361 801 illico
2429 710 2939 799 manifestam
3005 708 3188 799 fieri
3246 716 3677 831 praecepit,
3696 726 3712 733 “’

265 928 270 936 ,
379 835 469 881 m·
457 836 528 901 P
507 818 692 881 '‘as‘'
849 880 1030 969 quae
1063 870 1380 941 tantam
1425 860 1616 938 cum
1665 849 2233 961 indignatione
2273 847 2812 937 formidinem
2870 846 3081 937 viris
3133 848 3455 940 incuflit
3478 913 3513 965 ,
3578 874 3677 946 ut
3774 904 3786 914 ·

846 990 1292 1104 deploratis
1371 988 1616 1103 quafi
1643 988 1890 1075 rebus
1954 988 2245 1076 armati
2327 990 2429 1075 ad
2490 977 3077 1099 Przemyslum
3138 992 3670 1105 tremuerint,
3752 974 3771 1078 J

845 1127 1036 1218 auxi
1047 1128 1252 1213 lium
1291 1128 1392 1212 ab
1435 1152 1542 1215 eo
1587 1124 2177 1239 consiliumque
2214 1150 2375 1239 qua
2407 1124 2795 1239 precibus
2820 1192 2848 1233 ‚
2920 1130 3078 1237 qua
3142 1126 3389 1215 minis
3430 1129 3520 1215 in
3560 1158 3669 1219 eo

839 1290 1120 1355 rerum
1159 1260 1478 1351 suarum
1519 1261 1866 1375 articulo
1913 1280 2335 1375 petentes„
2551 1258 2638 1346 N
2642 1288 2741 1348 ec
2790 1260 2934 1345 ille
2980 1262 3330 1374 trepidis
3362 1263 3669 1379 defuit,

837 1396 988 1519 sed
1035 1402 1290 1489 dilato
1335 1401 1424 1487 in
1460 1401 1685 1511 diem
1731 1400 2078 1487 tertium
2108 1395 2499 1522 responso
2525 1462 2551 1511 ‚
2621 1400 2895 1510 postea
2930 1396 3315 1511 impediri
3358 1395 3445 1487 se
3490 1404 3673 1517 qui·

840 1540 1042 1628 'dem
1115 1534 1411 1627 effatus
1443 1606 1468 1650 ‚
1549 1564 1740 1652 quo
1779 1537 2055 1625 minus
2094 1544 2409 1649 'poenas
2468 1562 2521 1623 e
2589 1534 2937 1645 vestigio
2994 1534 3101 1623 de
3178 1536 3668 1629 mulieribus

843 1678 1132 1787 exigat
1149 1744 1174 1789 ,
1246 1703 1360 1764 ex
1411 1673 1760 1763 oraculis
1803 1692 2089 1763 tamen
2152 1670 2239 1761 se
2306 1668 2670 1761 didicifl'e
2718 1673 3081 1759 irritatos
3114 1671 3283 1783 jam
3320 1676 3667 1767 tandem

841 1814 1306 1931 puellarum
1335 1802 1782 1902 sceleribus
1826 1806 2063 1901 Deos
2090 1879 2117 1923 ,
2192 1810 2491 1900 06111νο
2531 1812 2709 1924 post
2754 1810 2897 1897 die'
2935 1805 3211 1899 Deam
3254 1806 3669 1925 Dyrceen

843 1952 972 2041 eis
1026 1955 1270 2063 'terga
1337 1947 1860 2039 obversuram
1887 2010 1912 2061 ,
2002 1946 2453 2063 Deumque
2522 1944 2732 2036 Ze‘lu
2782 1939 3056 2052 alieno
3116 1950 3216 2035 ab
3281 1950 3386 2038 iis
3438 1950 3670 2040 futu-

842 2114 1030 2177 rum
1073 2090 1375 2175 animo,
1545 2086 1838 2197 'Igitur
1885 2089 1984 2177 ad
2030 2114 2225 2176 eum
2270 2087 2496 2174 diem
2537 2084 2805 2173 filenti
2849 2086 3177 2197 agmine
3222 2084 3669 2178 Wifl‘ehra-

840 2225 1045 2313 -dum
1087 2223 1636 2313 convenirent
1654 2291 1680 2335 ‚
1759 2224 1954 2313 inde
2003 2225 2211 2315 cla'm
2258 2218 2657 2338 postrema
2694 2220 2947 2309 nocte
2975 2220 3429 2311 transmiffo
3477 2224 3673 2315 rati-
3771 2310 3779 2319 .

836 2357 1009 2451 bus
1045 2358 1404 2451 Wltava
1449 2364 1551 2449 ad
1615 2364 2247 2476 oppugnandum
2290 2356 2779 2448 Diewinum
2843 2354 3127 2451 secum
3180 2357 3665 2471 profecturi.

835 2494 1199 2617 Jamque
1239 2500 1505 2615 pridie
1549 2499 1726 2612 e'jus
1766 2499 1985 2613 diei,
2052 2501 2197 2616 qui
2235 2497 2397 2588 fuit
2444 2525 2482 2586 1
2508 2525 2598 2608 4.
2646 2494 2942 2585 menfis
2986 2492 3201 2606 Maji
3226 2565 3252 2610 ,
3326 2494 3473 2586 sub
3505 2499 3669 2613 pri-

845 2639 1070 2726 mam
1112 2638 1450 2728 11οἃ0111
1499 2635 1740 2726 densa
1773 2637 1862 2725 in
1906 2633 2437 2726 Wiss'ehrado
2506 2634 2749 2723 armis
2805 2635 3176 2752 virisque
3210 2644 3461 2724 e'rant·
3491 2661 3669 2724 om·

843 2777 984 2864 nia
1005 2842 1034 2885 ,
1103 2779 1314 2890 quos
1360 2775 1527 2863 fine
1569 2755 1936 2864 tumultu
1977 2803 2259 2864 curare
2298 2781 2643 2888 corpora
2664 2839 2693 2883 ‚
2772 2769 3315 2887 somnumque
3364 2779 3669 2888 capere

837 2909 1094 3025 jussos
1125 2915 1451 3026 postero
1495 2913 1632 3001 die
1664 2909 2060 3027 Princeps
2114 2912 2357 3002 dubia
2402 2910 2661 2998 adhuc
2705 2909 2893 2996 luce
2942 2935 3236 2998 omnes
3274 2911 3363 2998 in
3396 2911 3667 3000 aciem

853 3049 1216 3163 eduxit,
1307 3046 1993 3164 transgressusque
2066 3047 2213 3138 sub
2262 3048 2533 3160 figniS,
2576 3071 2831 3161 quem
2878 3046 3271 3160 diximus,
3334 3072 3667 3139 amnem

469 3176 804 3249 mmmm
849 3187 1162 3277 summa
1197 3187 1292 3278 vi
1336 3184 1832 3282 DieWinum
1883 3191 2356 3302 oppugnare
2392 3185 2687 3302 coepit
2898 3181 3069 3275 Sed
3124 3213 3224 3274 ea
3284 3184 3471 3276 fuit·
3493 3193 3669 3279 mu—

373 3279 745 3354 mmm
845 3329 1148 3418 lierum
1213 3323 1570 3439 ferocia,
1640 3325 2057 3441 animique
2128 3324 2563 3414 obstinatio
2588 3385 2613 3436 ,
2704 3324 3063 3414 trabium
3118 3321 3672 3442 saxorumque·

845 3467 1210 3584 pondera
1249 3479 1658 3578 perpetuo
1699 3464 1947 3552 imbri
1984 3461 2335 3578 superne
2377 3461 2955 3574 jaculantium‚
3032 3471 3131 3548 ut
3162 3464 3342 3576 post
3382 3489 3673 3553 cruen-

847 3623 1030 3696 tum
1065 3611 1444 3692 horarum
1483 3601 1798 3716 aliquot
1841 3603 2267 3691 certamen
2316 3598 2629 3688 referre
2688 3597 2994 3712 pedem
3036 3598 3265 3688 viros
3294 3666 3320 3712 ,
3390 3600 3663 3686 irrito·

785 3763 1018 3857 que
1067 3758 1370 3858 conatu
1409 3739 1497 3826 in
1533 3755 1810 3828 tutum
1849 3735 1937 3825 se
1979 3740 2381 3852 recipere
2404 3733 2863 3847 coegerint,
2884 3730 3379 3850 Przemyslo
3432 3736 3664 3828 iden-

851 3877 1128 3966 tidem
1171 3875 1693 3968 vaticinantis
1731 3877 1900 3964 ritu
1969 3877 2420 3965 clamante:
2540 3931 2596 3984 ,,
2636 3867 2871 3962 Bene
2929 3875 3158 3964 cedit
3230 3897 3439 3989 opus
3459 3941 3485 3987 ,
3554 3876 3666 3965 fic

853 4041 916 4134 ·,‚
957 4013 1140 4109 fieri
1181 4015 1588 4134 oportuit
1555 4071 1664 4192 .”
1769 4009 2025 4193 Dato
2066 4013 2367 4106 deinde
2404 4009 2507 4102 ad
2546 4009 3099 4173 respirandum
3139 4011 3403 4139 spatio
3443 4018 3667 4109 horae

3396 4151 3522 4241 vie
