3984 5000
1199 371 1757 450 Pam-:uram
1815 378 1932 456 18.
2170 433 2177 446 .
2894 394 3042 474 223

193 528 484 629 miffus
557 525 1042 623 adolescens
1118 527 1368 623 facile
1431 533 1816 624 credulus
1837 599 1864 644 ,
1935 529 2137 624 dum
2202 555 2423 622 arma
2484 513 2874 652 virosque
2944 538 3048 627 ad

177 671 687 766 condi-§tum
713 671 954 760 diem
985 671 1208 760 filvis
1247 669 1561 785 infert,
1629 667 1954 772 interea
2002 669 2325 760 Wlasta
2393 697 2575 760 rem
2618 700 2961 766 omnem
3000 703 3049 764 a

177 813 637 906 subornata
691 811 794 898 ad
835 808 1236 897 malitiam
1267 809 1542 923 puella
1584 809 1880 898 edocta
1919 811 2451 925 quadraginta
2488 811 2837 926 amplius
2876 813 3047 906 lec

185 949 542 1044 tiffimas
609 948 940 1064 equites
1003 948 1091 1034 in
1133 947 1438 1038 infidiis
1495 949 1768 1059 locat,
1849 975 2033 1064 quae
2090 949 2286 1038 dato
2350 948 2585 1058 figno
2650 978 2697 1034 a
2758 947 3051 1040 fronte

191 1111 456 1204 atque
491 1117 546 1174 a
581 1105 826 1196 tergo
865 1081 1378 1174 circumfusae
1441 1087 1560 1174 ita
1631 1085 2187 1198 improvidam
2250 1104 2611 1174 turmam
2680 1085 3049 1203 excipie

192 1229 463 1337 baut,
535 1241 633 1312 ut
699 1217 1134 1312 sefforibus
1184 1219 1578 1313 'confoffis
1633 1249 1852 1311 arma
1911 1240 2163 1340 atque
2243 1249 2507 1342 equos
2526 1291 2554 1334 ,
2632 1252 2817 1340 quae
2878 1225 3048 1314 duo

195 1363 578 1454 maxime
620 1361 750 1449 his
793 1360 1100 1449 infidiis
1141 1358 1640 1476 petebantur
1655 1429 1682 1472 ,
1763 1387 1958 1450 cum
2020 1371 2315 1476 magna
2360 1359 2707 1454 Wlastae
2754 1364 3053 1476 volup*

189 1521 388 1592 tate
427 1501 512 1588 in
547 1525 828 1588 arcem
863 1515 1385 1615 reportarent
1406 1567 1434 1612 ,
1504 1527 1704 1616 quas
1747 1497 2070 1587 Wlasta
2138 1499 2620 1612 ingentibus
2668 1501 3047 1590 laudibus

199 1639 662 1728 cumulatas
706 1636 1098 1754 maitimis
1151 1635 1629 1726 muneribus
1677 1637 2049 1726 donavit.
2268 1635 2356 1726 N
2359 1664 2460 1726 ec
2497 1635 2835 1728 felicior
2880 1639 3047 1728 iuis

198 1777 564 1867 cadebat
603 1775 776 1864 alea
800 1842 827 1886 ,
900 1776 1045 1892 qui
1081 1774 1461 1886 indignas
1501 1771 1912 1865 sociorum
1959 1775 2231 1865 caedes
2274 1774 2825 1888 vindicaturi,
2900 1804 3059 1864 no«
3094 1837 3117 1860 .
3180 1868 3187 1876 ,

195 1918 341 2005 vis
385 1915 534 2029 ipfi
578 1913 948 2004 cladibus
989 1930 1329 2003 veteres
1367 1910 1700 2003 suorum
1735 1913 2113 2002 cumulos
2169 1914 2605 2024 augebant.
2790 1911 2879 2001 N
2880 1939 3046 2000 am-

209 2079 386 2172 que
430 2049 637 2141 falso
673 2049 1146 2140 rumoribus
1188 2077 1342 2166 pet
1375 2047 2022 2142 mendaciffimas
2074 2043 2446 2164 virgines
2492 2048 2769 2165 sparfis
2796 2119 2824 2164 ,
2870 2069 3044 2142 tan-

203 2217 460 2308 quam
500 2191 848 2281 novitiae
881 2189 1343 2305 puellarum
1359 2208 1668 2281 turmae
1705 2189 2087 2280 alicunde
2138 2189 2241 2280 ad
2283 2187 2693 2280 Wlastam
2738 2189 3047 2278 adven·

205 2348 490 2420 tarent
509 2397 536 2441 ,
611 2329 816 2418 dum
849 2347 1178 2418 temere
1234 2329 1586 2418 credunt
1603 2397 1630 2442 ‚
1693 2331 2181 2444 'struuntque
2228 2327 2550 2422 infidias
2618 2353 3041 2443 nunquam

203 2468 588 2559 venmris
613 2536 640 2581 ,
703 2467 798 2557 in
837 2467 1022 2557 loca
1051 2466 1196 2582 ipfi
1218 2467 1512 2585 iniqua
1542 2465 2085 2583 praecipitati,
2157 2466 2786 2585 puellarumque
2830 2465 3041 2555 mul-

203 2608 578 2699 titudine
651 2634 748 2695 ac
803 2603 1120 2697 ferocia
1183 2606 1515 2718 obruti,
1583 2606 1838 2699 animi
1905 2604 2149 2693 stulte
2210 2606 2528 2693 creduli
2593 2588 3053 2695 miserabili

201 2748 470 2857 strage
503 2768 792 2859 poenas
834 2772 1007 2835 non
1047 2771 1230 2833 raro
1283 2744 1610 2834 dabant.
1827 2738 1972 2831 At
2024 2770 2233 2832 vero
2282 2742 2487 2831 nihil
2533 2768 2769 2857 aeque
2816 2743 3038 2829 viro-

203 2910 398 2973 rum
478 2910 614 2973 res
671 2879 1026 2995 afflixit,
1126 2900 1376 2998 atque
1437 2880 1945 2972 incredibilis
2003 2908 2359 2971 uxorum
2420 2878 2755 2997 perfidia
2778 2946 2805 2992 ‚
2876 2906 3036 2997 qua

201 3048 552 3117 veneno
572 3089 599 3134 ,
673 3048 834 3137 qua
871 3018 1296 3111 nocturnis
1341 3019 1766 3111 caedibus
1743 3050 1832 3110 m
1871 3020 2213 3111 maritos
2250 3016 2810 3133 graffantium:
2854 3018 3033 3107 nul-

199 3160 300 3249 la
347 3160 508 3249 illis
559 3186 756 3271 erga
799 3161 1029 3249 viros
1078 3155 1270 3247 suos
1338 3160 1860 3270 reverentia,
1933 3158 2155 3249 nulla
2222 3156 2487 3270 fides,
2555 3157 2775 3245 nulla
2836 3134 3034 3249 obe-

207 3298 528 3387 dientia
547 3364 574 3410 ,
639 3324 898 3387 nemo
935 3297 1418 3405 maritorum
1461 3295 1694 3387 ausus
1740 3296 2183 3409 conjugem
2227 3292 2447 3384 suam
2470 3362 2497 3407 ,
2574 3320 3039 3409 quanquam

199 3431 896 3554 proterviffimam
922 3504 948 3550 ,
1023 3452 1484 3555 quanquam
1529 3434 1936 3527 scelerum
1975 3432 2349 3523 omnium
2396 3458 2623 3522 ream
2660 3427 3035 3519 severius

203 3576 596 3691 accipere
613 3643 642 3688 ,
720 3575 1182 3665 inauditum
1243 3573 1618 3690 prorsus!
1711 3576 2099 3665 maritum
2164 3570 2413 3663 uxori
2473 3567 3033 3661 obsecundare

203 3742 310 3803 ac
347 3710 665 3803 servire
701 3712 1033 3803 inverso
1077 3740 1352 3803 rerum
1397 3715 1715 3807 ordine.
1915 3714 2133 3803 Cum
2173 3736 2428 3801 nemo
2464 3710 2717 3823 igitur
2756 3726 3039 3822 nuptae

211 3849 378 3943 suae
415 3853 950 3969 quantumvis
1012 3853 1416 3943 moribus·
1443 3852 1930 3970 probiffimae
1988 3853 2319 3968 plenam
2379 3848 2767 3939 adhibere
2834 3844 3037 3935 fidu·

118 4023 137 4036 ·
215 3990 432 4079 ciam
471 3987 747 4107 poss'et
789 3976 882 4079 (ὅ)
953 3990 1186 4081 foeda
1225 3992 1312 4082 &
1353 3991 2255 4106 lacrymabilis'ubique
2290 3984 2553 4079 facies
2578 4056 2605 4101 ,
2670 3984 3037 4077 solitudo

209 4128 302 4219 in
343 4130 562 4223 vicis
601 4132 893 4237 moesta
919 4197 950 4249 ‚
1018 4130 1266 4225 tristis
1307 4159 1360 4223 e
1405 4132 1792 4229 domibus
1827 4134 2201 4229 virorum
2252 4126 2449 4242 fuga
2510 4124 3037 4221 credentium

2782 4259 2907 4352 fe·
3008 4295 3020 4303 ·
