3984 5000
942 357 1101 450 360·
2074 337 2420 420 Annos
2482 341 2664 434 788.
3256 461 3265 478 ι

1076 483 3795 564 ,.v*10··1«u.20220

1753 665 2909 842 ANNus7ffi

940 909 1510 1282 Mnata
1556 923 1850 1014 dofftus
1884 921 2304 1040 superiore
2348 853 2723 1041 periculo
2748 995 2774 1039 ,
2860 951 3104 1044 quam
3162 953 3332 1017 non
3368 913 3581 1018 'tuto
3654 932 3783 1018 vi-

1395 1063 1606 1154 caria
1673 1063 1975 1179 cuique
2033 1067 2392 1178 potestas
2456 1065 2987 1180 permittatur
3011 1134 3039 1178 ,
3116 1091 3524 1182 quamque
3595 1093 3791 1154 mo·

1395 1219 1692 1292 mento
1734 1227 1956 1316 pene
1990 1203 2397 1318 temporis
2438 1205 2854 1317 firmatum
2897 1205 3151 1316 longo
3198 1205 3335 1292 die
3385 1204 3473 1291 in
3512 1203 3777 1294 domo

935 1341 1076 1431 sua
1143 1338 1703 1456 Principatum
1728 1409 1755 1454 ,
1796 1341 2069 1429 .unius
2130 1341 2487 1432 hominis
2556 1343 2889 1456 perfidia
2956 1338 3338 1457 rapuiffet
3361 1410 3387 1454 ,
3464 1341 3567 1429 ad
3636 1343 3783 1431 de-

937 1481 1390 1572 metendos
1443 1480 1841 1592 deinceps
1893 1480 2343 1596 optimates
2370 1548 2395 1592 ,
2466 1507 2817 1596 quorum
2859 1481 3022 1570 fide
3060 1475 3773 1598 praesentiffimum

937 1615 1380 1708 discrimen
1446 1614 1859 1730 evaserat,
1953 1617 2713 1734 conciliandamque
2781 1597 2993 1709 t'um'
3034 1619 3230 1729 fibi,
3346 1639 3533 1708 tum
3595 1617 3781 1708 filio

921 1753 1354 1870 ‘Wogeno
1413 1757 1726 1874 ‚populi
1803 1745 2195 1869 gratiam',
2254 1758 2617 1844 animum
2701 1757 3160 1846 inclinavit.
3402 1751 3509 1860 ln
3576 1783 3779 1844 eum

937 1897 1194 1986 finem
1240 1897 1329 1987 ὃς
1407 1924 1574 2012 quo
1637 1891 2114 2008 praesentior
2175 1892 2349 2008 ipse
2398 1897 2771 1985 virorum
2829 1895 3294 1984 commodis
3385 1890 3777 2006 servitet,

840 2048 888 2075 ’·
938 2035 1348 2152 lapideam
1391 2032 1641 2122 uxori
1681 2032 2026 2121 domum
2069 2032 2157 2120 in
2202 2029 2467 2121 Suillo
2512 2051 2806 2123 monte
2832 2101 2857 2146 ‚
2927 2031 3071 2122 seu
3100 2051 3225 2120 -ut
3256 2061 3475 2120 nunc
3510 2061 3779 2122 voca-

491 2283 504 2299 ·
541 2194 698 2274 Arx
709 2191 919 2280 lqviaea
941 2199 1129 2264 mus
1167 2169 1610 2262 Hradczan
1634 2237 1659 2282 ‚
1711 2153 1813 2253 (⁶)
1933 2179 2044 2260 'eo
2092 2167 2413 2285 prorsus
2478 2176 2671 2262 loco
2699 2240 2724 2284 ,
2802 2188 2968 2287 quo
3015 2163 3309 2282 ligueae
3356 2171 3779 2286 quondam

476 2302 540 2344 ²⁰
559 2279 876 2350 H'Wm‘
942 2308 1304 2405 Libuss'ae
1348 2310 1555 2400 aviae
1599 2306 1758 2400 suae
1795 2311 2015 2400 aedes
2062 2309 2372 2396 stabant
2396 2377 2423 2420 ‚
2469 2299 2569 2398 (b)
2638 2340 2683 2397 a
2728 2307 3288 2400 fundamentis
3324 2310 3773 2421 magnifice

943 2451 1206 2566 erigi,
1277 2468 1528 2569 atque
1567 2449 1811 2575 ineo
1848 2448 2064 2569 quafi
2110 2447 2495 2564 praetorio
2541 2475 2899 2539 uxorem
2966 2446 3188 2542 suam
3236 2475 3423 2536 cum
3470 2448 3783 2540 decem'

813 2650 820 2657 -
940 2591 1403 2703 virginibus
1439 2589 1870 2691 tribunalis
1911 2586 2137 2677 istius
2178 2586 2660 2676 administris
2690 2586 2825 2699 jus
2870 2585 3211 2677 feminis
3280 2576 3560 2675 dicere
3610 2584 3775 2698 jus-

941 2730 1040 2820 fit
1063 2798 1090 2843 ‚
1143 2724 1240 2813 (0)
1352 2726 1692 2821 servato*
1738 2728 1886 2816 fibi
1945 2724 2214 2815 solum
2268 2724 2452 2836 jure
2532 2728 2619 2816 in
2673 2727 2903 2815 viros
2983 2726 3089 2815 de
3135 2724 3388 2813 caufis
3438 2726 3779 2817 illorum

943 2856 1377 2957 statuendi.
1517 2866 1687 2953 Sed
1724 2864 2034 2987 fefellit
2082 2859 2555 2981 Principem
2600 2864 2913 2951 confilii
2957 2860 3080 2962 sui
3127 2865 3337 2953 ratio
3360 2931 3385 2975 ,
3428 2865 3769 2979 mirum-

945 3031 1109 3121 que
1135 3072 1162 3116 ,
1236 3028 1488 3119 quam
1525 3003 1775 3093 studia
1823 3002 2319 3117 optimatum
2382 2998 2717 3089 sciderit
2753 3069 2778 3113 ‚
2849 3000 3505 3091 vociferantibus
3566 3003 3780 3091 mul-

942 3130 1122 3233 tisi-
1175 3211 1232 3255 ‚,
1267 3138 1368 3230 Id
1403 3168 1661 3231 unum
1746 3136 2091 3231 defuiffe
2117 3207 2141 3251 ,
2210 3156 2306 3255 ut
2386 3136 2810 3230 Bohemiae
2873 3136 3388 3256 Principatus
3454 3136 3777 3250 rursum

946 3352 1004 3398 „
1047 3282 1437 3371 muliebri
1467 3280 1986 3396 impotentiae
2020 3280 2109 3369 in
2148 3304 2438 3369 manus
2491 3279 2818 3373 daretur
2839 3348 2872 3393 2
2908 3306 3161 3397 quem
3201 3276 3525 3386 VViasta
3564 3282 3777 3371 mul-

947 3460 1006 3535 ,·‚
1047 3422 1163 3510 tis
1231 3440 1464 3509 certe
1521 3421 1889 3535 partibus
1940 3417 2497 3533 Strzezislava
2555 3418 2933 3507 illustrior
2992 3416 3373 3533 septenni
3424 3420 3668 3511 bello·
3724 3448 3777 3511 a

948 3564 1006 3679 ,',
1049 3559 1258 3651 viris
1299 3560 1743 3673 impetrare
1787 3586 1978 3659 non,
1997 3553 2412 3672 potuifl'et.
2579 3553 2765 3645 Vix
2802 3558 3095 3653 durum
3136 3554 3493 3647 Libuffae
3530 3555 3781 3646 semis

789 3736 800 3749 ·
943 3768 1008 3815 0,
1051 3726 1472 3814 neumque
1511 3698 1950 3813 imperium
2002 3713 2277 3810 patres
2368 3690 2871 3812 deposuifl'e,
2938 3695 3257 3786 fumare
3324 3698 3583 3786 adhuc
3620 3726 3777 3813 per

950 3907 1008 3953 ‚‚
1056 3836 1542 3927 Bohemiam
1579 3835 2008 3925 muliebris
2080 3832 2446 3921 incendii
2502 3834 2933 3953 reliquiaS,
3006 3837 3093 3927 Sc
3154 3836 3413 3925 nihilo
3468 3838 3775 3955 magiS,

921 4023 1010 4091 ·„
1059 3970 1310 4092 quam.
1346 3976 1404 4064 fi
1443 3973 1767 4065 Wlasta
1799 3974 2107 4064 viGtrix
2149 3972 2560 4087 potiretur
2604 4001 2877 4063 rerum
2902 4042 2929 4087 ‚
3002 3976 3377 4090 praetoria
3404 4044 3431 4089 ‚
3506 3976 3770 4065 tribu-
3884 4024 3889 4031 ·

815 4196 822 4213 ‚
903 4136 932 4185 ·-
950 4185 1009 4231 ‚‚
1055 4114 1428 4231 naliaque
1465 4115 1947 4205 mulieribus
1983 4112 2201 4227 erigi
2226 4176 2250 4224 ‚
2325 4107 2893 4229 femineaeque·
2921 4116 3339 4231 tyrannidi
3372 4112 3597 4229 supra
3636 4115 3763 4200 vi-
3830 4166 3837 4173 ·

1135 4274 1140 4278 ·
3400 4320 3459 4371 ,,
3497 4280 3622 4343 ro-
