3984 5000
1302 337 1310 344 '
1432 325 1796 408 ΜΝΑτῑε
1879 343 1952 410 2.
2110 321 2119 330 ⁴
2954 362 3107 450 349

249 511 480 602 mala
502 575 528 622 ,
602 497 828 620 quod
876 495 1134 590 tantis
1177 487 1806 586 difficultatibus
1868 493 2361 588 remedium·
2395 497 2713 590 nullum
2770 529 3100 618 appare-

239 653 410 748 bat
434 715 459 760 ,
497 642 831 762 ·partim
874 636 1100 756 quod
1133 635 1514 754 plerique
1554 635 2007 749 metallici,
2069 639 2237 726 auri
2275 639 2745 754 prolutores
2787 667 3098 730 excoc-

241 809 664 901 toresque
705 779 932 870 inme
977 804 1072 865 ac
1113 777 1340 894 peste
1386 774 1905 890 interierint,
1974 779 2277 891 partim
2336 777 2422 864 in
2463 779 2850 890 regiones
2889 737 3115 870 vics-⁸

243 957 408 1020 nas
459 919 912 1038 desperatis
941 918 1194 1007 rebus
1231 915 1508 1033 dilapsi
1567 911 1848 1031 paffim
1913 941 2155 1025 agros
2241 916 2650 1033 vicosque
2712 915 3092 1010 deserue.

247 1067 430 1157 rint
454 1133 480 1177 ,
549 1062 748 1150 inde
790 1057 1094 1170 nudam
1141 1057 1507 1172 undique
1553 1055 1655 1140 ab
1699 1054 2173 1146 hominibus
2221 1057 2610 1148 tellurem
2634 1125 2660 1170 ‚
2728 1059 2821 1150 fic
2859 1081 3091 1176 prata

249 1227 666 1318 agrosque
706 1201 795 1286 in
829 1197 1066 1286 filvas
1111 1191 1428 1283 rursum
1479 1192 1703 1280 abire
1747 1187 2046 1284 visum.
2256 1192 2351 1284 H
2354 1225 2471 1290 aec
2520 1193 2821 1286 Mnata
2865 1200 3090 1300 inter

251 1343 378 1436 sui
422 1334 1126 1430 Ostromeczenfis
1167 1333 1397 1422 castri
1429 1328 1966 1422 solitudinem
2032 1333 2496 1428 identidem
2577 1337 2857 1426 animo
2925 1341 3093 1452 agi-

247 1502 438 1572 tans
462 1548 489 1593 ,
559 1475 1051 1592 non-potuit
1094 1501 1267 1562 non
1303 1469 1627 1560 summo
1664 1497 2035 1562 moerore
2105 1473 2454 1587 confici3
2529 1501 2782 1593 quem
2844 1505 3090 1595 quan·

248 1618 568 1712 tumvis
625 1611 1102 1731 Principem
1140 1607 1308 1727 ipsa
1357 1609 1627 1702 fames
1667 1637 1840 1703 non
1879 1611 2223 1730 penitus
2276 1612 2681 1704 intactum
2716 1617 3085 1733 reliquit}

253 1816 2729 1912 ffiffleffleffleffleffiefflcffieffio
2742 1823 3089 1916 &aa
3253 1768 3261 1774 ι

624 1987 1180 2101 ANNUS
1251 1987 1629 2121 JESU
1697 1985 2374 2098 CHRISTI
2470 2004 2723 2132 784

297 2183 809 2264 HADRIANI
876 2177 1152 2258 PAPAE
1225 2201 1257 2254 1
1275 2201 1342 2277 ³·
1397 2175 2121 2256 CONSTANTINI
2168 2177 2377 2258 IMP.
2424 2203 2498 2272 9.
2552 2181 2907 2260 menes
2966 2203 3031 2280 ς.

825 2355 837 2371 ·
1359 2329 1455 2405 Μ
1472 2325 1634 2399 ΝΑ
1651 2319 1831 2405 TAE
1899 2346 1969 2402 2.

245 2477 350 2581 (a)
651 2500 808 2557 nata
858 2474 1086 2557 veteri
1135 2472 1407 2555 Slavica
1455 2469 1915 2579 etymologia
1962 2469 2477 2553 existimantem
2498 2532 2519 2563 ,
2566 2496 2687 2553 aut
2738 2473 3083 2554 subdubi-

451 2591 458 2599 '
701 2603 960 2656 tantem
1009 2577 1454 2681 significabat
1485 2600 1528 2653 a
1571 2572 1810 2653 radice
1858 2572 2131 2654 vetusta
2172 2587 2377 2653 mnata·
2423 2574 2647 2655 hodie
2682 2591 2871 2653 μηκέτι·
2900 2580 3082 2658 Dal.

697 2704 934 2775 matae,
981 2705 1116 2757 nos
1169 2686 1567 2775 bomnjweti
1629 2681 1688 2769 se
1725 2672 2063 2769 dicimuS,
2119 2671 2197 2749 id
2247 2672 2349 2751 est
2404 2674 2587 2768 reri,
2647 2674 3079 2759 existimare.

230 2780 462 2883 quue
493 2776 1104 2859 animadversione
1138 2778 1209 2853 di
1269 2802 1482 2869 num,
1531 2801 1783 2853 ornnes
1828 2775 2103 2878 primos
2138 2776 2379 2852 Duces
2432 2773 2759 2853 ethnicos
2792 2776 3082 2857 nostros

239 2908 280 2959 a
332 2879 692 2985 cogitatu,
765 2891 838 2961 &
883 2878 1104 2959 animi
1151 2804 1512 2957 affectibus
1563 2901 1838 2955 nomen
1891 2872 2276 2952 inveniffe=
2344 2880 2837 2981 Przemyslmn
2879 2874 3079 2979 quafi

215 2987 756 3087 premeditatum
769 3040 797 3079 ,
847 2982 1366 3087 Nezamyslum
1403 2982 1564 3057 nihil
1605 2980 2003 3055 medua-tem
2025 3031 2049 3068 ‚
2096 2978 2422 3054 Mhatam
2445 3037 2469 3073 ,
2520 2984 2965 3079 cst-estimantur»
3006 3006 3083 3059 a

219 3084 741 3260 Gupffltmnn.
897 3084 1340 3187 Wogenurn
1389 3082 1685 3161 audacem
1695 3134 1722 3175 ,
1773 3078 2383 3183 Krzezomyslutn
2430 3091 2663 3159 acriter
2712 3090 3074 3187 cogitantem

295 3209 456 3272 icas.

510 3379 604 3496 (b)
659 3377 1094 3461 Ostromecz
1131 3401 1404 3457 nomen
1439 3378 1636 3455 suum
1666 3380 1756 3457 ab
1784 3379 1938 3461 acie
1967 3384 2370 3475 mucronis,
2424 3378 2629 3481 quod
2671 3376 2895 3481 patria
2928 3376 3069 3454 lin-

227 3506 375 3599 gua
409 3481 798 3585 fignificat,
849 3474 1195 3583 accepisse
1228 3478 1453 3557 nostri
1488 3480 1820 3560 scribunt.
1939 3484 2137 3559 Bello
2172 3479 2520 3562 Huffitico
2551 3478 2849 3559 castrum
2884 3476 3069 3555 istud

231 3610 312 3661 m
347 3578 656 3660 historiis
697 3579 1001 3681 maxime
1034 3578 1519 3676 nominatum,
1578 3581 1780 3682 quod
1827 3580 2205 3685 aliquoties
2254 3608 2295 3659 a
2340 3580 2713 3659 Tuboritis
2760 3606 2943 3659 occu
2994 3602 3067 3657 n-

230 3708 423 3778 tum,
475 3679 934 3759 munimentis
972 3680 1296 3759 maximis
1351 3680 1726 3761 solidatum
1781 3682 1924 3777 est,
1973 3682 2143 3761 dum
2188 3708 2385 3761 anno
2442 3708 2661 3781 1435.
2714 3679 2789 3769 id
2908 3708 2947 3759 e
3010 3636 3215 3761 ism

225 3784 360 3859 suis
396 3784 790 3859 clariffimus
841 3780 1102 3860 militiee
1145 3782 1524 3863 Czechicae
1555 3785 1729 3859 Dux
1765 3786 2072 3861 Ptaczek
2127 3784 2618 3889 expugnavit,
2668 3779 2851 3859 truci
2905 3780 3067 3859 etis-

225 3910 368 3983 que
407 3883 916 3961 Taboritarum
946 3883 1272 3987 praefidiis
1295 3941 1319 3978 ,
1370 3882 1565 3962 ferro
1594 3892 1662 3960 δι
1705 3880 1880 3986 igne
1909 3881 2225 3959 funditus
2255 3884 2532 3962 evertit.
2632 3882 2889 3961 Hodie
2924 3907 3068 3960 no-

227 4010 400 4059 men
434 3980 616 4061 illius
669 4010 810 4063 nec
861 3982 937 4059 in
988 3982 1264 4087 syllabo
1315 3984 1746 4064 desertarum
1813 3980 2127 4070 arcium,
2178 4008 2319 4061 nec
2366 3984 2593 4065 hodie
2644 3981 3065 4063 florentium

229 4082 606 4188 reperitur.
745 4084 1058 4165 Bechina
1090 4084 1170 4162 id
1203 4111 1360 4167 non
1396 4090 1624 4191 longe
1655 4079 1953 4163 abfuisse
1987 4080 2362 4191 gestorum
2394 4110 2675 4171 narrata
2711 4084 3065 4191 produnt.
3160 4144 3169 4151 .

1483 4296 1734 4397 Xxss
2719 4296 2965 4379 PRAE-

3176 3466 3463 3537 emm

3196 3600 3212 3618 .
3240 3552 3449 3637 ιιιιιβει
