3984 5000
169 398 197 434 ι
244 389 266 405 -·
1021 404 1028 411 ·
1233 368 1326 449 N
1397 389 1504 451 za
1605 390 1660 451 Y
1783 394 1816 451 r

233 388 3077 620 wwwwwwwwssmffowssfwffsswwwwwwwffi

1081 680 1827 801 ANNUS
1967 700 2223 835 776

483 884 494 895 “
583 908 756 974 nno
801 872 1112 1003 iepti'es
1181 886 1634 977 centefimo
1709 883 2331 1005 septuagefimo
2386 890 2631 985 sexto
2690 885 2879 986 He's
2932 884 3059 984 (⁴)

121 1016 130 1023 ’
239 880 586 1241 A
663 1019 1036 1116 Slavoffii
1073 1050 1188 1114 ex
1225 1020 1504 1141 Tetka
1545 1018 1877 1138 egregia
1933 1030 2215 1152 proles
2274 1058 2461 1124 arce
2502 1028 2904 1124 Heskow
2954 1018 3053 1120 (ὖ)
3139 1030 3378 1099 Hvkm
3392 1057 3523 1135 arft·

651 1158 886 1275 supra
916 1154 1396 1255 Slavoffiam
1439 1156 1690 1257 aucta
1729 1165 1988 1281 patria
2014 1236 2042 1282 ,
2110 1168 2352 1259 velut
2392 1169 2603 1261 fidus
2641 1172 3057 1288 quoddam

231 1302 468 1393 inter
514 1298 706 1390 suos
750 1296 1074 1392 effissfit.
1271 1294 1473 1392 Erat
1509 1302 1584 1391 is
1617 1303 1752 1393 vir
1790 1306 2039 1396 multi
2073 1309 2403 1423 pecoris
2426 1377 2452 1422 ,
2527 1304 3057 1401 servitiorum

228 1434 540 1557 'potens
561 1504 588 1549 ‚
658 1462 1037 1549 agrorum
1089 1426 1659 1561 frumentique
1693 1438 1926 1557 supra
1961 1472 2257 1553 omues
2301 1446 2731 1563 locuples3
2772 1449 2865 1539 ὃς
2904 1477 3056 1564 pro

235 1590 498 1692 opum
555 1576 1126 1691 magnitudine
1194 1580 1286 1667 in
1335 1603 1642 1671 omnes
1710 1584 1976 1681 comis
2002 1648 2033 1695 ,
2122 1582 2483 1673 liberalis
2510 1651 2537 1697 ,
2624 1581 3053 1698 gratiosus.

237 1712 422 1806 Has
452 1709 622 1807 ‚viri
662 1718 1020 1807 'virtutes
1069 1716 1321 1805 claras
1381 1738 1532 1832 per
1579 1714 1676 1809 se
1733 1742 1830 1807 ac
1894 1721 2225 1809 nobiles
2286 1719 2557 1811 fatalis
2622 1725 3058 1812 hominum

167 1952 186 1969 ‚
234 1846 668 1947 neceffitas
709 1848 1188 1951 illustriores
1230 1844 1471 1945 fecit.
1675 1840 1902 1947 Dirae
1935 1856 2373 1973 superioris
2418 1861 2610 1951 anni
2642 1852 3053 1951 siccitates

235 2012 709 2089 extremam
794 1989 1108 2082 famem
1189 1984 1738 2104 invexerant3
1809 1997 2206 2107 reg-nabat
2264 1998 2631 2115 undique
2702 1999 3049 2113 egestas,
3088 2030 3117 2043 ·
3164 2007 3374 2077 Fmes·

193 2178 198 2187 ·
237 2151 450 2225 unus
488 2126 678 2219 Hes
713 2123 1060 2247 repletis
1099 2132 1416 2221 horreis
1437 2128 1734 2250 ''atque-0
1760 2133 1972 2239 areis
2021 2125 2508 2253 abundabat.
2646 2130 2805 2227 Ad
2838 2142 3055 2227 hunc

241 2270 494 2382 igitur
537 2270 998 2385 quotidiani
1043 2268 1542 2360 famentium
1602 2270 2047 2365 concursus
2070 2338 2097 2384 ,
2166 2274 2699 2363 tendentium
2764 2300 3053 2365 manus

241 2406 649 2526 supplices
674 2475 701 2521 ‚
774 2405 1395 2526 locantIumque
1462 2430 1798 2526 operam
1818 2478 1843 2524 ‚
1932 2410 2023 2502 St
2078 2436 2377 2528 panem
2442 2412 3051 2526 postulantium.

234 2539 358 2638 Et
393 2549 536 2638 ille
579 2573 872 2658 gnarus
921 2541 1246 2640 ociosos
1289 2544 1782 2667 validosque
1829 2548 2265 2640 mendicos
2334 2545 2827 2664 praesentem
2897 2552 3055 2640 rei-

237 2685 596 2802 publicae
659 2684 977 2776 cladem
1031 2683 1198 2775 ess'e
1219 2716 1266 2796 3-
1323 2713 1492 2802 quo
1561 2687 1668 2782 Sc.
1699 2689 2065 2804 inopiam
2124 2686 2469 2777 tolleret
2491 2751 2517 2800 ,
2590 2711 2754 2777 nec
2820 2687 3057 2780 daret
3246 2737 3253 2746 ·

237 2825 524 2914 locum
564 2823 757 2917 ocio
781 2895 808 2938 ‚
878 2839 1018 2916 aut
1059 2823 1362 2942 rapinis
1410 2821 1514 2911 ad
1553 2815 2187 2948 construendum
2243 2819 2473 2942 supra
2514 2823 2827 2914 flumen
2869 2819 3061 2920 Msa

239 2961 390 3056 seu
433 2961 674 3056 Miza
717 2965 1152 3057 eminente
1193 2963 1285 3052 in
1327 2964 1521 3054 loco
1563 2965 1926 3090 castrum
1964 2983 2608 3056 concurrentem
2659 2963 2880 3053 iliam
2944 2959 3060 3052 fa-

240 3121 469 3192 mem
515 3103 788 3192 duxit.
1005 3099 1353 3190 Merces
1377 3103 1665 3214 ‘diurni
1710 3103 2012 3190 laboris
2060 3121 2240 3216 erat
2284 3100 2577 3216 ingens
2617 3099 3059 3190 hordeacei

245 3239 474 3356 panis
539 3235 878 3324 frustum
924 3304 952 3349 ‚
1033 3255 1456 3350 -quantum
1522 3268 1693 3328 non
1751 3234 2008 3355 modo
2064 3237 2167 3328 ad
2220 3237 2661 3332 sedandam.
2716 3237 3059 3350 famem,

244 3375 390 3468 sed
454 3373 963 3492 explendum
1027 3373 1285 3464 etiam
1341 3359 1738 3464 ventrem
1801 3375 2271 3494 sufficeret,
2344 3375 2659 3496 dulces·
2686 3376 2775 3466 in
2825 3393 3058 3466 tanta

249 3517 610 3632 egestate
639 3580 668 3627 ,
733 3531 1174 3632 rerumque
1220 3506 1516 3638 inopia·
1558 3511 1953 3630 cupediae.
2166 3509 2308 3603 At
2359 3511 2659 3604 octavo
2719 3527 3059 3632 quoque
3242 3609 3253 3616 ,
3308 3595 3323 3610 ,

245 3655 386 3744 die
428 3654 660 3770 panis
698 3678 754 3742 e
793 3653 1084 3766 tritico
1105 3721 1133 3766 ,
1197 3650 1716 3769 pannicoque
1764 3651 2065 3744 coci-us
2110 3647 2451 3744 dabatur
2471 3720 2499 3765 ,
2575 3649 2663 3742 ac
2724 3677 2895 3740 non
2940 3677 3060 3738 ra·

245 3819 344 3883 ro
391 3793 755 3882 carnium
799 3791 1136 3910 aliquid.
1311 3785 1468 3878 Ab
1503 3791 1630 3916 his
1679 3787 2187 3884 famentibus
2232 3791 2510 3908 operis
2558 3785 3065 3908 consumma·
3240 3796 3249 3804 ’

243 3951 332 4024 ta
373 3960 520 4022 arx
562 3925 664 4020 ab
703 3927 1153 4024 architecio
1187 3923 1466 4044 postea
1513 3929 1868 4047 quodam
1907 3947 2083 4020 tam
2129 3926 2377 4020 calcis
2420 3926 2779 4040 urendae,
2817 3949 3064 4044 quam
3256 3997 3263 4006 .

249 4070 620 4164 caedendi
631 4069 922 4191 lapidis
945 4069 1436 4188 experiente
1451 4065 1542 4158 N
1539 4057 1886 4160 izbor(⁶)
1945 4071 2359 4189 appellato
2380 4093 2692 4159 nomen
2710 4067 3069 4158 invenit.
3144 4061 3532 4141 *mid*-

1553 4281 1726 4406 Tt
2454 4223 2489 4434 Ι.
2638 4234 3043 4408 AN?
