<?xml version="1.0" encoding="UTF-8"?>
<!DOCTYPE html PUBLIC "-//W3C//DTD XHTML 1.0 Transitional//EN"
    "http://www.w3.org/TR/xhtml1/DTD/xhtml1-transitional.dtd">
<html xmlns="http://www.w3.org/1999/xhtml" xml:lang="en" lang="en">
 <head>
  <title>
</title>
<meta http-equiv="Content-Type" content="text/html;charset=utf-8" />
  <meta name='ocr-system' content='tesseract 3.04.00' />
  <meta name='ocr-capabilities' content='ocr_page ocr_carea ocr_par ocr_line ocrx_word'/>
</head>
<body>
  <div class='ocr_page' id='page_1' title='image "./wenceslaihageka00unkngoog_0412.png"; bbox 0 0 3984 5000; ppageno 0'>
   <div class='ocr_carea' id='block_1_1' title="bbox 230 285 3093 631">
    <p class='ocr_par' dir='ltr' id='par_1_1' title="bbox 230 285 3093 631">
     <span class='ocr_line' id='line_1_1' title="bbox 1381 285 3029 368; baseline -0.009 1"><span class='ocrx_word' id='word_1_1' title='bbox 1381 285 1625 368; x_wconf 56' lang='lat' dir='ltr'>-Mua</span> <span class='ocrx_word' id='word_1_2' title='bbox 1643 289 1772 366; x_wconf 58' lang='grc' dir='ltr'>’τι</span> <span class='ocrx_word' id='word_1_3' title='bbox 3026 351 3029 354; x_wconf 78' lang='grc'><em>,</em></span> 
     </span>
     <span class='ocr_line' id='line_1_2' title="bbox 230 307 3093 631; baseline -0.003 -107"><span class='ocrx_word' id='word_1_4' title='bbox 230 442 540 631; x_wconf 52' lang='grc' dir='ltr'>ιἔνεὲζῑκ)</span> <span class='ocrx_word' id='word_1_5' title='bbox 573 435 1018 544; x_wconf 70' lang='lat' dir='ltr'>exstulptum</span> <span class='ocrx_word' id='word_1_6' title='bbox 1047 433 1448 532; x_wconf 80' lang='lat' dir='ltr'>reddimus,</span> <span class='ocrx_word' id='word_1_7' title='bbox 1501 439 1708 539; x_wconf 83' lang='lat' dir='ltr'>quale</span> <span class='ocrx_word' id='word_1_8' title='bbox 1747 433 1826 514; x_wconf 87' lang='lat' dir='ltr'>in</span> <span class='ocrx_word' id='word_1_9' title='bbox 1848 307 2055 512; x_wconf 53' lang='grc' dir='ltr'>ῒὶεο</span> <span class='ocrx_word' id='word_1_10' title='bbox 2107 432 2447 540; x_wconf 66' lang='lat' dir='ltr'>Engeem</span> <span class='ocrx_word' id='word_1_11' title='bbox 2492 434 2571 512; x_wconf 85' lang='lat' dir='ltr'>in</span> <span class='ocrx_word' id='word_1_12' title='bbox 2616 309 3093 540; x_wconf 52' lang='lat' dir='ltr'>westplglg</span> 
     </span>
     <span class='ocr_line' id='line_1_3' title="bbox 303 573 428 630; baseline -0.008 -7"><span class='ocrx_word' id='word_1_13' title='bbox 303 579 353 630; x_wconf 89' lang='lat'>0</span> <span class='ocrx_word' id='word_1_14' title='bbox 409 573 428 622; x_wconf 85' lang='grc' dir='ltr'>ι</span> 
     </span>
    </p>
   </div>
   <div class='ocr_carea' id='block_1_2' title="bbox 246 533 3091 848">
    <p class='ocr_par' dir='ltr' id='par_1_2' title="bbox 246 533 3091 848">
     <span class='ocr_line' id='line_1_4' title="bbox 435 533 3091 652; baseline -0.003 -30"><span class='ocrx_word' id='word_1_15' title='bbox 435 574 476 622; x_wconf 85' lang='lat' dir='ltr'>e</span> <span class='ocrx_word' id='word_1_16' title='bbox 513 545 904 646; x_wconf 62' lang='lat' dir='ltr'>spectatum</span> <span class='ocrx_word' id='word_1_17' title='bbox 955 535 1176 652; x_wconf 71' lang='lat' dir='ltr'>simile</span> <span class='ocrx_word' id='word_1_18' title='bbox 1211 537 1562 650; x_wconf 41' lang='lat' dir='ltr'>forma-Sc</span> <span class='ocrx_word' id='word_1_19' title='bbox 1595 534 2079 648; x_wconf 56' lang='lat' dir='ltr'>architectura.</span> <span class='ocrx_word' id='word_1_20' title='bbox 2109 533 2273 648; x_wconf 54' lang='lat' dir='ltr'>illia·</span> <span class='ocrx_word' id='word_1_21' title='bbox 2298 533 2439 630; x_wconf 82' lang='lat' dir='ltr'>est,</span> <span class='ocrx_word' id='word_1_22' title='bbox 2474 560 2798 649; x_wconf 38' lang='lat' dir='ltr'>quc-&gt;rum</span> <span class='ocrx_word' id='word_1_23' title='bbox 2840 535 3091 614; x_wconf 70' lang='lat' dir='ltr'>adhuc.</span> 
     </span>
     <span class='ocr_line' id='line_1_5' title="bbox 246 633 3089 848; baseline -0.005 -125"><span class='ocrx_word' id='word_1_24' title='bbox 246 639 862 848; x_wconf 49' lang='grc' dir='ltr'>ἓξὲιξέἂξέἓὲ)</span> <span class='ocrx_word' id='word_1_25' title='bbox 895 640 1020 719; x_wconf 83' lang='grc' dir='ltr'>Ν.</span> <span class='ocrx_word' id='word_1_26' title='bbox 1055 663 1134 716; x_wconf 87' lang='lat' dir='ltr'>m</span> <span class='ocrx_word' id='word_1_27' title='bbox 1180 639 1530 741; x_wconf 66' lang='lat' dir='ltr'>Bohemia</span> <span class='ocrx_word' id='word_1_28' title='bbox 1548 695 1574 734; x_wconf 89' lang='lat'>‚</span> <span class='ocrx_word' id='word_1_29' title='bbox 1624 645 1697 716; x_wconf 88' lang='lat'>&amp;</span> <span class='ocrx_word' id='word_1_30' title='bbox 1746 649 2165 782; x_wconf 65' lang='lat' dir='ltr'>cumps-mus</span> <span class='ocrx_word' id='word_1_31' title='bbox 2216 659 2291 712; x_wconf 82' lang='lat' dir='ltr'>m</span> <span class='ocrx_word' id='word_1_32' title='bbox 2332 633 2653 715; x_wconf 77' lang='lat' dir='ltr'>Ecclesi1s</span> <span class='ocrx_word' id='word_1_33' title='bbox 2700 635 3089 739; x_wconf 78' lang='lat' dir='ltr'>Pragenfi-.</span> 
     </span>
    </p>
   </div>
   <div class='ocr_carea' id='block_1_3' title="bbox 249 936 966 1007">
    <p class='ocr_par' dir='ltr' id='par_1_3' title="bbox 249 936 966 1007">
     <span class='ocr_line' id='line_1_6' title="bbox 249 936 966 1007; baseline -0.014 -25"><span class='ocrx_word' id='word_1_34' title='bbox 249 936 391 1007; x_wconf 45' lang='lat' dir='ltr'>Ro</span> <span class='ocrx_word' id='word_1_35' title='bbox 449 953 478 980; x_wconf 85' lang='grc' dir='ltr'><strong>ο</strong></span> <span class='ocrx_word' id='word_1_36' title='bbox 612 949 652 976; x_wconf 61' lang='grc' dir='ltr'>οι</span> <span class='ocrx_word' id='word_1_37' title='bbox 778 947 806 974; x_wconf 77' lang='grc' dir='ltr'><strong><em>ο</em></strong></span> <span class='ocrx_word' id='word_1_38' title='bbox 939 945 966 972; x_wconf 86' lang='grc' dir='ltr'><strong>ο</strong></span> 
     </span>
    </p>
   </div>
   <div class='ocr_carea' id='block_1_4' title="bbox 328 915 3087 1004">
    <p class='ocr_par' dir='ltr' id='par_1_4' title="bbox 328 915 3087 1004">
     <span class='ocr_line' id='line_1_7' title="bbox 328 915 3087 1004; baseline 0 0"><span class='ocrx_word' id='word_1_39' title='bbox 328 915 1079 1004; x_wconf 95' lang='lat' dir='ltr'> </span> <span class='ocrx_word' id='word_1_40' title='bbox 2241 915 3087 1004; x_wconf 95' lang='lat' dir='ltr'> </span> 
     </span>
    </p>
   </div>
   <div class='ocr_carea' id='block_1_5' title="bbox 1079 1079 2241 1215">
    <p class='ocr_par' dir='ltr' id='par_1_5' title="bbox 1079 1079 2241 1215">
     <span class='ocr_line' id='line_1_8' title="bbox 1079 1079 2241 1215; baseline 0 -25"><span class='ocrx_word' id='word_1_41' title='bbox 1079 1079 1840 1190; x_wconf 89' lang='lat' dir='ltr'>ANNUS</span> <span class='ocrx_word' id='word_1_42' title='bbox 1979 1089 2241 1215; x_wconf 78' lang='lat'><em>787.</em></span> 
     </span>
    </p>
   </div>
   <div class='ocr_carea' id='block_1_6' title="bbox 255 1294 3081 1663">
    <p class='ocr_par' dir='ltr' id='par_1_6' title="bbox 255 1294 3081 1663">
     <span class='ocr_line' id='line_1_9' title="bbox 593 1294 3081 1421; baseline -0.004 -23"><span class='ocrx_word' id='word_1_43' title='bbox 593 1307 854 1398; x_wconf 74' lang='lat' dir='ltr'>errius</span> <span class='ocrx_word' id='word_1_44' title='bbox 917 1304 1090 1419; x_wconf 80' lang='lat' dir='ltr'>jam</span> <span class='ocrx_word' id='word_1_45' title='bbox 1143 1333 1401 1402; x_wconf 81' lang='lat' dir='ltr'>annus</span> <span class='ocrx_word' id='word_1_46' title='bbox 1471 1299 1918 1401; x_wconf 82' lang='lat' dir='ltr'>effluxerat</span> <span class='ocrx_word' id='word_1_47' title='bbox 1940 1371 1970 1416; x_wconf 85' lang='lat'>,</span> <span class='ocrx_word' id='word_1_48' title='bbox 2046 1303 2269 1421; x_wconf 86' lang='lat' dir='ltr'>quod</span> <span class='ocrx_word' id='word_1_49' title='bbox 2327 1298 2623 1394; x_wconf 87' lang='lat' dir='ltr'>Mnata</span> <span class='ocrx_word' id='word_1_50' title='bbox 2680 1294 3081 1416; x_wconf 81' lang='lat' dir='ltr'>Princeps</span> 
     </span>
     <span class='ocr_line' id='line_1_10' title="bbox 255 1303 3081 1663; baseline -0.002 -128"><span class='ocrx_word' id='word_1_51' title='bbox 255 1303 590 1663; x_wconf 85' lang='lat' dir='ltr'>T</span> <span class='ocrx_word' id='word_1_52' title='bbox 666 1447 753 1534; x_wconf 90' lang='lat' dir='ltr'>in</span> <span class='ocrx_word' id='word_1_53' title='bbox 795 1440 1108 1536; x_wconf 82' lang='lat' dir='ltr'>seceffu</span> <span class='ocrx_word' id='word_1_54' title='bbox 1139 1445 1838 1535; x_wconf 82' lang='lat' dir='ltr'>Ostromeczenfis</span> <span class='ocrx_word' id='word_1_55' title='bbox 1899 1444 2131 1532; x_wconf 81' lang='lat' dir='ltr'>castri</span> <span class='ocrx_word' id='word_1_56' title='bbox 2191 1443 2625 1558; x_wconf 72' lang='lat' dir='ltr'>postposita</span> <span class='ocrx_word' id='word_1_57' title='bbox 2693 1438 3081 1556; x_wconf 82' lang='lat' dir='ltr'>reipubli-</span> 
     </span>
    </p>
   </div>
   <div class='ocr_carea' id='block_1_7' title="bbox 183 1577 3531 4207">
    <p class='ocr_par' dir='ltr' id='par_1_7' title="bbox 255 1577 3083 1696">
     <span class='ocr_line' id='line_1_11' title="bbox 255 1577 3083 1696; baseline -0.001 -28"><span class='ocrx_word' id='word_1_58' title='bbox 255 1659 264 1668; x_wconf 92' lang='lat'><strong><em>.</em></strong></span> <span class='ocrx_word' id='word_1_59' title='bbox 664 1607 784 1673; x_wconf 79' lang='lat' dir='ltr'>cae</span> <span class='ocrx_word' id='word_1_60' title='bbox 828 1612 1018 1672; x_wconf 87' lang='lat' dir='ltr'>cura</span> <span class='ocrx_word' id='word_1_61' title='bbox 1061 1579 1622 1696; x_wconf 56' lang='lat' dir='ltr'>delitesceren</span> <span class='ocrx_word' id='word_1_62' title='bbox 1842 1577 1969 1672; x_wconf 84' lang='lat' dir='ltr'>Ea</span> <span class='ocrx_word' id='word_1_63' title='bbox 2031 1582 2459 1674; x_wconf 74' lang='lat' dir='ltr'>occasione</span> <span class='ocrx_word' id='word_1_64' title='bbox 2516 1580 2788 1671; x_wconf 84' lang='lat' dir='ltr'>veluti</span> <span class='ocrx_word' id='word_1_65' title='bbox 2849 1577 2997 1668; x_wconf 86' lang='lat' dir='ltr'>fibi</span> <span class='ocrx_word' id='word_1_66' title='bbox 3034 1605 3083 1666; x_wconf 80' lang='lat' dir='ltr'>a</span> 
     </span>
    </p>

    <p class='ocr_par' dir='ltr' id='par_1_8' title="bbox 245 1716 3531 2254">
     <span class='ocr_line' id='line_1_12' title="bbox 247 1716 3531 1836; baseline -0.001 -21"><span class='ocrx_word' id='word_1_67' title='bbox 247 1725 582 1816; x_wconf 81' lang='lat' dir='ltr'>fortuna</span> <span class='ocrx_word' id='word_1_68' title='bbox 617 1722 705 1810; x_wconf 93' lang='lat' dir='ltr'>in</span> <span class='ocrx_word' id='word_1_69' title='bbox 742 1749 1030 1811; x_wconf 82' lang='lat' dir='ltr'>manus</span> <span class='ocrx_word' id='word_1_70' title='bbox 1069 1724 1254 1812; x_wconf 89' lang='lat' dir='ltr'>data</span> <span class='ocrx_word' id='word_1_71' title='bbox 1297 1717 1771 1814; x_wconf 85' lang='lat' dir='ltr'>Krzesomil</span> <span class='ocrx_word' id='word_1_72' title='bbox 1810 1718 2219 1810; x_wconf 85' lang='lat' dir='ltr'>Borzislai</span> <span class='ocrx_word' id='word_1_73' title='bbox 2272 1716 2793 1813; x_wconf 79' lang='lat' dir='ltr'>Wrfl&#39;ovecii</span> <span class='ocrx_word' id='word_1_74' title='bbox 2857 1719 3081 1812; x_wconf 71' lang='lat' dir='ltr'>filius</span> <span class='ocrx_word' id='word_1_75' title='bbox 3198 1728 3531 1836; x_wconf 56' lang='lat' dir='ltr'>kafftn!</span> 
     </span>
     <span class='ocr_line' id='line_1_13' title="bbox 252 1816 3505 1983; baseline -0.002 -31"><span class='ocrx_word' id='word_1_76' title='bbox 252 1861 438 1982; x_wconf 79' lang='lat' dir='ltr'>(cui</span> <span class='ocrx_word' id='word_1_77' title='bbox 473 1857 871 1975; x_wconf 86' lang='lat' dir='ltr'>Princeps</span> <span class='ocrx_word' id='word_1_78' title='bbox 933 1859 1603 1954; x_wconf 83' lang='lat' dir='ltr'>Ostromeczium</span> <span class='ocrx_word' id='word_1_79' title='bbox 1659 1861 2027 1950; x_wconf 87' lang='lat' dir='ltr'>abiturus</span> <span class='ocrx_word' id='word_1_80' title='bbox 2086 1855 2775 1949; x_wconf 68' lang='lat' dir='ltr'>Wiflehradenffs</span> <span class='ocrx_word' id='word_1_81' title='bbox 2844 1857 3075 1945; x_wconf 82' lang='lat' dir='ltr'>castri</span> <span class='ocrx_word' id='word_1_82' title='bbox 3104 1816 3505 1983; x_wconf 50' lang='grc' dir='ltr'>ἷξζᾎῖᾬ,</span> 
     </span>
     <span class='ocr_line' id='line_1_14' title="bbox 245 1983 3441 2120; baseline -0.001 -30"><span class='ocrx_word' id='word_1_83' title='bbox 245 1990 828 2120; x_wconf 66' lang='lat' dir='ltr'>praefectura‘m</span> <span class='ocrx_word' id='word_1_84' title='bbox 889 2001 1307 2093; x_wconf 86' lang='lat' dir='ltr'>mandarat</span> <span class='ocrx_word' id='word_1_85' title='bbox 1331 2068 1359 2116; x_wconf 88' lang='lat'>,</span> <span class='ocrx_word' id='word_1_86' title='bbox 1445 2001 1754 2117; x_wconf 87' lang='lat' dir='ltr'>quique</span> <span class='ocrx_word' id='word_1_87' title='bbox 1813 1999 2093 2088; x_wconf 84' lang='lat' dir='ltr'>omnia</span> <span class='ocrx_word' id='word_1_88' title='bbox 2154 1999 2613 2114; x_wconf 87' lang='lat' dir='ltr'>occupandi</span> <span class='ocrx_word' id='word_1_89' title='bbox 2665 1989 3083 2112; x_wconf 76' lang='lat' dir='ltr'>Pfincipa-</span> <span class='ocrx_word' id='word_1_90' title='bbox 3104 1983 3441 2064; x_wconf 49' lang='lat' dir='ltr'>“wlff&#39;&#39;</span> 
     </span>
     <span class='ocr_line' id='line_1_15' title="bbox 251 2130 3181 2254; baseline -0.001 -24"><span class='ocrx_word' id='word_1_91' title='bbox 251 2147 390 2230; x_wconf 79' lang='lat' dir='ltr'>tus</span> <span class='ocrx_word' id='word_1_92' title='bbox 415 2207 442 2248; x_wconf 91' lang='lat'>,</span> <span class='ocrx_word' id='word_1_93' title='bbox 513 2155 941 2228; x_wconf 86' lang='lat' dir='ltr'>momenta</span> <span class='ocrx_word' id='word_1_94' title='bbox 979 2139 1286 2228; x_wconf 90' lang='lat' dir='ltr'>dudum</span> <span class='ocrx_word' id='word_1_95' title='bbox 1332 2130 2089 2254; x_wconf 80' lang='lat' dir='ltr'>circumspiciebat)</span> <span class='ocrx_word' id='word_1_96' title='bbox 2138 2139 2543 2228; x_wconf 87' lang='lat' dir='ltr'>utendum</span> <span class='ocrx_word' id='word_1_97' title='bbox 2578 2155 2832 2250; x_wconf 82' lang='lat' dir='ltr'>ratuS,</span> <span class='ocrx_word' id='word_1_98' title='bbox 2872 2163 3079 2226; x_wconf 88' lang='lat' dir='ltr'>evo-</span> <span class='ocrx_word' id='word_1_99' title='bbox 3172 2187 3181 2194; x_wconf 92' lang='lat'><strong>·</strong></span> 
     </span>
    </p>

    <p class='ocr_par' dir='ltr' id='par_1_9' title="bbox 253 2270 3081 2398">
     <span class='ocr_line' id='line_1_16' title="bbox 253 2270 3081 2398; baseline 0 -32"><span class='ocrx_word' id='word_1_100' title='bbox 253 2276 462 2398; x_wconf 80' lang='lat' dir='ltr'>catis</span> <span class='ocrx_word' id='word_1_101' title='bbox 504 2270 914 2396; x_wconf 86' lang='lat' dir='ltr'>Principis</span> <span class='ocrx_word' id='word_1_102' title='bbox 956 2277 1298 2368; x_wconf 85' lang='lat' dir='ltr'>nomine</span> <span class='ocrx_word' id='word_1_103' title='bbox 1343 2279 1430 2366; x_wconf 88' lang='lat' dir='ltr'>in</span> <span class='ocrx_word' id='word_1_104' title='bbox 1475 2304 1751 2367; x_wconf 86' lang='lat' dir='ltr'>arcem</span> <span class='ocrx_word' id='word_1_105' title='bbox 1792 2277 2336 2392; x_wconf 82' lang='lat' dir='ltr'>optimatibus</span> <span class='ocrx_word' id='word_1_106' title='bbox 2360 2346 2387 2390; x_wconf 91' lang='lat'>,</span> <span class='ocrx_word' id='word_1_107' title='bbox 2456 2273 2781 2368; x_wconf 83' lang='lat' dir='ltr'>Mnatae</span> <span class='ocrx_word' id='word_1_108' title='bbox 2806 2273 3081 2366; x_wconf 82' lang='lat' dir='ltr'>socor-</span> 
     </span>
    </p>

    <p class='ocr_par' dir='ltr' id='par_1_10' title="bbox 251 2411 3083 2535">
     <span class='ocr_line' id='line_1_17' title="bbox 251 2411 3083 2535; baseline -0.001 -26"><span class='ocrx_word' id='word_1_109' title='bbox 251 2417 472 2509; x_wconf 84' lang='lat' dir='ltr'>diam</span> <span class='ocrx_word' id='word_1_110' title='bbox 491 2483 517 2530; x_wconf 89' lang='lat'>‚</span> <span class='ocrx_word' id='word_1_111' title='bbox 587 2415 1230 2535; x_wconf 64' lang='lat' dir='ltr'>neglectumque</span> <span class='ocrx_word' id='word_1_112' title='bbox 1267 2417 1732 2507; x_wconf 88' lang='lat' dir='ltr'>communis</span> <span class='ocrx_word' id='word_1_113' title='bbox 1769 2416 1972 2504; x_wconf 88' lang='lat' dir='ltr'>boni</span> <span class='ocrx_word' id='word_1_114' title='bbox 1993 2485 2021 2529; x_wconf 88' lang='lat'><strong><em>,</em></strong></span> <span class='ocrx_word' id='word_1_115' title='bbox 2092 2441 2338 2535; x_wconf 86' lang='lat' dir='ltr'>quam</span> <span class='ocrx_word' id='word_1_116' title='bbox 2392 2418 2663 2531; x_wconf 86' lang='lat' dir='ltr'>potest</span> <span class='ocrx_word' id='word_1_117' title='bbox 2727 2411 3083 2507; x_wconf 70' lang='lat' dir='ltr'>disertiss·</span> 
     </span>
    </p>

    <p class='ocr_par' dir='ltr' id='par_1_11' title="bbox 251 2550 3075 2671">
     <span class='ocr_line' id='line_1_18' title="bbox 251 2550 3075 2671; baseline -0.002 -21"><span class='ocrx_word' id='word_1_118' title='bbox 251 2556 452 2650; x_wconf 84' lang='lat' dir='ltr'>fime</span> <span class='ocrx_word' id='word_1_119' title='bbox 495 2554 606 2643; x_wconf 92' lang='lat' dir='ltr'>ob</span> <span class='ocrx_word' id='word_1_120' title='bbox 653 2556 942 2644; x_wconf 89' lang='lat' dir='ltr'>oculos</span> <span class='ocrx_word' id='word_1_121' title='bbox 979 2558 1221 2671; x_wconf 86' lang='lat' dir='ltr'>ponit</span> <span class='ocrx_word' id='word_1_122' title='bbox 1251 2625 1278 2669; x_wconf 91' lang='lat'>‚</span> <span class='ocrx_word' id='word_1_123' title='bbox 1349 2556 1866 2671; x_wconf 86' lang='lat' dir='ltr'>ostenditque</span> <span class='ocrx_word' id='word_1_124' title='bbox 1891 2622 1921 2669; x_wconf 86' lang='lat'>,</span> <span class='ocrx_word' id='word_1_125' title='bbox 1993 2574 2093 2646; x_wconf 84' lang='lat' dir='ltr'>ut</span> <span class='ocrx_word' id='word_1_126' title='bbox 2138 2556 2276 2643; x_wconf 85' lang='lat' dir='ltr'>alii</span> <span class='ocrx_word' id='word_1_127' title='bbox 2341 2554 2807 2645; x_wconf 83' lang='lat' dir='ltr'>diutumam</span> <span class='ocrx_word' id='word_1_128' title='bbox 2844 2550 3075 2643; x_wconf 77' lang='lat' dir='ltr'>Prin-</span> 
     </span>
    </p>

    <p class='ocr_par' dir='ltr' id='par_1_12' title="bbox 255 2690 3070 2810">
     <span class='ocr_line' id='line_1_19' title="bbox 255 2690 3070 2810; baseline -0 -30"><span class='ocrx_word' id='word_1_129' title='bbox 255 2692 464 2807; x_wconf 88' lang='lat' dir='ltr'>cipis</span> <span class='ocrx_word' id='word_1_130' title='bbox 511 2690 958 2783; x_wconf 83' lang='lat' dir='ltr'>absentiam</span> <span class='ocrx_word' id='word_1_131' title='bbox 985 2690 1426 2805; x_wconf 84' lang='lat' dir='ltr'>justiffimis</span> <span class='ocrx_word' id='word_1_132' title='bbox 1473 2694 1835 2810; x_wconf 82' lang='lat' dir='ltr'>querelis</span> <span class='ocrx_word' id='word_1_133' title='bbox 1881 2690 2352 2784; x_wconf 81' lang='lat' dir='ltr'>accusarent</span> <span class='ocrx_word' id='word_1_134' title='bbox 2376 2762 2403 2807; x_wconf 89' lang='lat'><strong>,</strong></span> <span class='ocrx_word' id='word_1_135' title='bbox 2457 2692 2911 2781; x_wconf 62' lang='lat' dir='ltr'>dictionem</span> <span class='ocrx_word' id='word_1_136' title='bbox 2943 2692 3070 2803; x_wconf 87' lang='lat' dir='ltr'>ju·</span> 
     </span>
    </p>

    <p class='ocr_par' dir='ltr' id='par_1_13' title="bbox 247 2827 3074 3227">
     <span class='ocr_line' id='line_1_20' title="bbox 253 2827 3074 2957; baseline 0.001 -38"><span class='ocrx_word' id='word_1_137' title='bbox 253 2832 368 2919; x_wconf 82' lang='lat' dir='ltr'>ris</span> <span class='ocrx_word' id='word_1_138' title='bbox 389 2900 416 2945; x_wconf 89' lang='lat'>,</span> <span class='ocrx_word' id='word_1_139' title='bbox 521 2828 1116 2951; x_wconf 80' lang='lat' dir='ltr'>’causarumque</span> <span class='ocrx_word' id='word_1_140' title='bbox 1177 2859 1278 2921; x_wconf 92' lang='lat' dir='ltr'>co</span> <span class='ocrx_word' id='word_1_141' title='bbox 1283 2832 1750 2957; x_wconf 78' lang='lat' dir='ltr'>gnitionem</span> <span class='ocrx_word' id='word_1_142' title='bbox 1813 2830 2365 2923; x_wconf 72' lang='lat' dir='ltr'>desiderarent</span> <span class='ocrx_word' id='word_1_143' title='bbox 2420 2830 2558 2921; x_wconf 81' lang='lat' dir='ltr'>alii</span> <span class='ocrx_word' id='word_1_144' title='bbox 2576 2898 2603 2943; x_wconf 92' lang='lat'>‚</span> <span class='ocrx_word' id='word_1_145' title='bbox 2712 2827 3074 2923; x_wconf 69' lang='lat' dir='ltr'>univers:</span> 
     </span>
     <span class='ocr_line' id='line_1_21' title="bbox 251 2969 3069 3087; baseline 0.001 -30"><span class='ocrx_word' id='word_1_146' title='bbox 251 2969 732 3084; x_wconf 66' lang='lat' dir='ltr'>reipublicae</span> <span class='ocrx_word' id='word_1_147' title='bbox 813 2972 1414 3085; x_wconf 86' lang='lat' dir='ltr'>negligentiam</span> <span class='ocrx_word' id='word_1_148' title='bbox 1490 2969 2039 3087; x_wconf 80' lang='lat' dir='ltr'>indignasque</span> <span class='ocrx_word' id='word_1_149' title='bbox 2134 2972 2488 3061; x_wconf 86' lang='lat' dir='ltr'>latebras</span> <span class='ocrx_word' id='word_1_150' title='bbox 2556 2970 3069 3061; x_wconf 82' lang='lat' dir='ltr'>damnarent.</span> 
     </span>
     <span class='ocr_line' id='line_1_22' title="bbox 247 3103 3073 3227; baseline 0.001 -32"><span class='ocrx_word' id='word_1_151' title='bbox 247 3103 666 3195; x_wconf 86' lang='lat' dir='ltr'>&#39;Hortatur</span> <span class='ocrx_word' id='word_1_152' title='bbox 711 3106 1069 3222; x_wconf 89' lang='lat' dir='ltr'>denique</span> <span class='ocrx_word' id='word_1_153' title='bbox 1096 3176 1122 3219; x_wconf 89' lang='lat'><strong>,</strong></span> <span class='ocrx_word' id='word_1_154' title='bbox 1211 3128 1310 3197; x_wconf 91' lang='lat' dir='ltr'>ut</span> <span class='ocrx_word' id='word_1_155' title='bbox 1371 3110 2038 3227; x_wconf 87' lang='lat' dir='ltr'>quandoquidem</span> <span class='ocrx_word' id='word_1_156' title='bbox 2101 3106 2398 3202; x_wconf 87' lang='lat' dir='ltr'>Mnata</span> <span class='ocrx_word' id='word_1_157' title='bbox 2464 3108 3073 3197; x_wconf 74' lang='lat' dir='ltr'>imbecillitatis</span> 
     </span>
    </p>

    <p class='ocr_par' dir='ltr' id='par_1_14' title="bbox 251 3242 3075 3369">
     <span class='ocr_line' id='line_1_23' title="bbox 251 3242 3075 3369; baseline 0 -38"><span class='ocrx_word' id='word_1_158' title='bbox 251 3242 412 3331; x_wconf 77' lang='lat' dir='ltr'>suae</span> <span class='ocrx_word' id='word_1_159' title='bbox 459 3242 890 3369; x_wconf 85' lang='lat' dir='ltr'>ineptique</span> <span class='ocrx_word' id='word_1_160' title='bbox 933 3245 1034 3331; x_wconf 90' lang='lat' dir='ltr'>ad</span> <span class='ocrx_word' id='word_1_161' title='bbox 1077 3245 1645 3357; x_wconf 86' lang='lat' dir='ltr'>imperandum</span> <span class='ocrx_word' id='word_1_162' title='bbox 1683 3250 1936 3336; x_wconf 90' lang='lat' dir='ltr'>animi</span> <span class='ocrx_word' id='word_1_163' title='bbox 1969 3246 2345 3339; x_wconf 83' lang='lat' dir='ltr'>conscius</span> <span class='ocrx_word' id='word_1_164' title='bbox 2384 3247 2471 3334; x_wconf 88' lang='lat' dir='ltr'>in</span> <span class='ocrx_word' id='word_1_165' title='bbox 2490 3242 3075 3335; x_wconf 76' lang='lat' dir='ltr'>Ostromeczio</span> 
     </span>
    </p>

    <p class='ocr_par' dir='ltr' id='par_1_15' title="bbox 253 3376 3063 3498">
     <span class='ocr_line' id='line_1_24' title="bbox 253 3376 3063 3498; baseline 0.001 -29"><span class='ocrx_word' id='word_1_166' title='bbox 253 3379 601 3470; x_wconf 82' lang='lat' dir='ltr'>mavelit</span> <span class='ocrx_word' id='word_1_167' title='bbox 644 3381 826 3468; x_wconf 91' lang='lat' dir='ltr'>otio</span> <span class='ocrx_word' id='word_1_168' title='bbox 874 3376 1252 3473; x_wconf 85' lang='lat' dir='ltr'>diffluere</span> <span class='ocrx_word' id='word_1_169' title='bbox 1270 3448 1296 3493; x_wconf 84' lang='lat'><strong>,</strong></span> <span class='ocrx_word' id='word_1_170' title='bbox 1349 3384 1612 3498; x_wconf 87' lang='lat' dir='ltr'>’quam</span> <span class='ocrx_word' id='word_1_171' title='bbox 1649 3410 1800 3497; x_wconf 91' lang='lat' dir='ltr'>pro</span> <span class='ocrx_word' id='word_1_172' title='bbox 1841 3382 2103 3475; x_wconf 87' lang='lat' dir='ltr'>officii</span> <span class='ocrx_word' id='word_1_173' title='bbox 2159 3380 2288 3473; x_wconf 87' lang='lat' dir='ltr'>sui</span> <span class='ocrx_word' id='word_1_174' title='bbox 2338 3408 2685 3472; x_wconf 83' lang='lat' dir='ltr'>munere</span> <span class='ocrx_word' id='word_1_175' title='bbox 2742 3380 2878 3493; x_wconf 79' lang='lat' dir='ltr'>jus</span> <span class='ocrx_word' id='word_1_176' title='bbox 2947 3398 3063 3471; x_wconf 86' lang='lat' dir='ltr'>at·</span> 
     </span>
    </p>

    <p class='ocr_par' dir='ltr' id='par_1_16' title="bbox 253 3517 3066 3645">
     <span class='ocr_line' id='line_1_25' title="bbox 253 3517 3066 3645; baseline 0.001 -38"><span class='ocrx_word' id='word_1_177' title='bbox 253 3546 419 3635; x_wconf 90' lang='lat' dir='ltr'>que</span> <span class='ocrx_word' id='word_1_178' title='bbox 455 3542 776 3635; x_wconf 85' lang='lat' dir='ltr'>aequum</span> <span class='ocrx_word' id='word_1_179' title='bbox 821 3520 1420 3631; x_wconf 82' lang='lat' dir='ltr'>administrare3</span> <span class='ocrx_word' id='word_1_180' title='bbox 1489 3517 1609 3645; x_wconf 75' lang='lat' dir='ltr'>sat</span> <span class='ocrx_word' id='word_1_181' title='bbox 1653 3518 2077 3611; x_wconf 86' lang='lat' dir='ltr'>manifesta</span> <span class='ocrx_word' id='word_1_182' title='bbox 2106 3518 2552 3638; x_wconf 73' lang='lat' dir='ltr'>fiippetere</span> <span class='ocrx_word' id='word_1_183' title='bbox 2582 3538 3066 3635; x_wconf 82' lang='lat' dir='ltr'>argumenta</span> 
     </span>
    </p>

    <p class='ocr_par' dir='ltr' id='par_1_17' title="bbox 255 3652 3063 3777">
     <span class='ocr_line' id='line_1_26' title="bbox 255 3652 3063 3777; baseline 0.001 -32"><span class='ocrx_word' id='word_1_184' title='bbox 255 3658 338 3745; x_wconf 89' lang='lat' dir='ltr'>ei</span> <span class='ocrx_word' id='word_1_185' title='bbox 385 3684 546 3745; x_wconf 91' lang='lat' dir='ltr'>nec</span> <span class='ocrx_word' id='word_1_186' title='bbox 613 3652 1373 3749; x_wconf 83' lang='lat' dir='ltr'>Wiffehradensem</span> <span class='ocrx_word' id='word_1_187' title='bbox 1445 3660 1995 3775; x_wconf 87' lang='lat' dir='ltr'>principatum</span> <span class='ocrx_word' id='word_1_188' title='bbox 2058 3662 2293 3751; x_wconf 88' lang='lat' dir='ltr'>cordi</span> <span class='ocrx_word' id='word_1_189' title='bbox 2356 3658 2523 3751; x_wconf 83' lang='lat' dir='ltr'>effe</span> <span class='ocrx_word' id='word_1_190' title='bbox 2550 3730 2573 3775; x_wconf 90' lang='lat'>,</span> <span class='ocrx_word' id='word_1_191' title='bbox 2646 3685 2921 3777; x_wconf 86' lang='lat' dir='ltr'>neque</span> <span class='ocrx_word' id='word_1_192' title='bbox 2972 3659 3063 3749; x_wconf 91' lang='lat' dir='ltr'>in</span> 
     </span>
    </p>

    <p class='ocr_par' dir='ltr' id='par_1_18' title="bbox 253 3794 3059 3915">
     <span class='ocr_line' id='line_1_27' title="bbox 253 3794 3059 3915; baseline 0.002 -34"><span class='ocrx_word' id='word_1_193' title='bbox 253 3821 360 3882; x_wconf 88' lang='lat' dir='ltr'>eo</span> <span class='ocrx_word' id='word_1_194' title='bbox 399 3794 838 3884; x_wconf 90' lang='lat' dir='ltr'>retinendo</span> <span class='ocrx_word' id='word_1_195' title='bbox 879 3822 1170 3907; x_wconf 84' lang='lat' dir='ltr'>magna</span> <span class='ocrx_word' id='word_1_196' title='bbox 1211 3824 1402 3889; x_wconf 87' lang='lat' dir='ltr'>eum</span> <span class='ocrx_word' id='word_1_197' title='bbox 1447 3818 1872 3889; x_wconf 85' lang='lat' dir='ltr'>momenta</span> <span class='ocrx_word' id='word_1_198' title='bbox 1913 3812 2256 3915; x_wconf 85' lang='lat' dir='ltr'>ponere.</span> <span class='ocrx_word' id='word_1_199' title='bbox 2437 3794 2745 3888; x_wconf 90' lang='lat' dir='ltr'>Alium</span> <span class='ocrx_word' id='word_1_200' title='bbox 2776 3798 3059 3913; x_wconf 86' lang='lat' dir='ltr'>itaque</span> 
     </span>
    </p>

    <p class='ocr_par' dir='ltr' id='par_1_19' title="bbox 183 3928 3059 4051">
     <span class='ocr_line' id='line_1_28' title="bbox 183 3928 3059 4051; baseline 0.001 -32"><span class='ocrx_word' id='word_1_201' title='bbox 183 3954 198 3963; x_wconf 88' lang='lat'><em>·</em></span> <span class='ocrx_word' id='word_1_202' title='bbox 253 3950 629 4021; x_wconf 83' lang='lat' dir='ltr'>crearent</span> <span class='ocrx_word' id='word_1_203' title='bbox 672 3928 1141 4047; x_wconf 89' lang='lat' dir='ltr'>Principem</span> <span class='ocrx_word' id='word_1_204' title='bbox 1163 4003 1190 4048; x_wconf 89' lang='lat'><strong>,</strong></span> <span class='ocrx_word' id='word_1_205' title='bbox 1263 3962 1516 4050; x_wconf 86' lang='lat' dir='ltr'>quem</span> <span class='ocrx_word' id='word_1_206' title='bbox 1558 3936 1616 4023; x_wconf 90' lang='lat' dir='ltr'>fi</span> <span class='ocrx_word' id='word_1_207' title='bbox 1646 3932 1736 4025; x_wconf 86' lang='lat' dir='ltr'>se</span> <span class='ocrx_word' id='word_1_208' title='bbox 1801 3934 2187 4026; x_wconf 79' lang='lat' dir='ltr'>fecifl&#39;ent</span> <span class='ocrx_word' id='word_1_209' title='bbox 2206 4004 2233 4049; x_wconf 89' lang='lat'><strong>,</strong></span> <span class='ocrx_word' id='word_1_210' title='bbox 2303 3954 2487 4025; x_wconf 86' lang='lat' dir='ltr'>tum</span> <span class='ocrx_word' id='word_1_211' title='bbox 2524 3964 2733 4027; x_wconf 85' lang='lat' dir='ltr'>vero</span> <span class='ocrx_word' id='word_1_212' title='bbox 2794 3934 2883 4025; x_wconf 64' lang='grc' dir='ltr'>ὃς</span> <span class='ocrx_word' id='word_1_213' title='bbox 2938 3935 3059 4051; x_wconf 89' lang='lat' dir='ltr'>ip-</span> 
     </span>
    </p>

    <p class='ocr_par' dir='ltr' id='par_1_20' title="bbox 253 4064 3057 4207">
     <span class='ocr_line' id='line_1_29' title="bbox 253 4064 3057 4207; baseline 0.001 -46"><span class='ocrx_word' id='word_1_214' title='bbox 253 4064 388 4161; x_wconf 86' lang='lat' dir='ltr'>sos</span> <span class='ocrx_word' id='word_1_215' title='bbox 441 4070 710 4161; x_wconf 89' lang='lat' dir='ltr'>multo</span> <span class='ocrx_word' id='word_1_216' title='bbox 768 4071 1184 4162; x_wconf 86' lang='lat' dir='ltr'>beatiores</span> <span class='ocrx_word' id='word_1_217' title='bbox 1205 4140 1234 4187; x_wconf 86' lang='lat'>,</span> <span class='ocrx_word' id='word_1_218' title='bbox 1309 4072 1398 4165; x_wconf 80' lang='lat'>&amp;</span> <span class='ocrx_word' id='word_1_219' title='bbox 1449 4074 1704 4186; x_wconf 91' lang='lat' dir='ltr'>longe</span> <span class='ocrx_word' id='word_1_220' title='bbox 1757 4072 2271 4188; x_wconf 82' lang='lat' dir='ltr'>feliciorem,</span> <span class='ocrx_word' id='word_1_221' title='bbox 2339 4102 2583 4191; x_wconf 86' lang='lat' dir='ltr'>quam</span> <span class='ocrx_word' id='word_1_222' title='bbox 2643 4100 2865 4207; x_wconf 80' lang='lat' dir='ltr'>nunc</span> <span class='ocrx_word' id='word_1_223' title='bbox 2928 4074 3057 4187; x_wconf 83' lang='lat' dir='ltr'>fit,</span> 
     </span>
    </p>
   </div>
   <div class='ocr_carea' id='block_1_8' title="bbox 1505 4206 2924 4333">
    <p class='ocr_par' dir='ltr' id='par_1_21' title="bbox 1505 4206 2924 4333">
     <span class='ocr_line' id='line_1_30' title="bbox 1505 4206 2924 4333; baseline -0.001 -33"><span class='ocrx_word' id='word_1_224' title='bbox 1505 4206 1590 4300; x_wconf 91' lang='lat' dir='ltr'><strong>Y</strong></span> <span class='ocrx_word' id='word_1_225' title='bbox 1623 4240 1692 4329; x_wconf 80' lang='lat' dir='ltr'><strong>y</strong></span> <span class='ocrx_word' id='word_1_226' title='bbox 1770 4238 1824 4333; x_wconf 86' lang='lat'><strong>3</strong></span> <span class='ocrx_word' id='word_1_227' title='bbox 2710 4238 2924 4307; x_wconf 86' lang='lat' dir='ltr'>rem-</span> 
     </span>
    </p>
   </div>
  </div>
 </body>
</html>
