3984 5000
1341 347 1652 444 Cnoct
1723 357 1884 450 14.·'
2955 376 3055 454 95

159 581 216 642 „
259 507 514 618 Quid
581 505 898 606 malum
925 583 952 630 ‚
1027 509 1299 635 inquit
1321 585 1353 624 ,
1427 543 1540 609 ne
1609 515 1872 636 patria
1937 506 2283 640 quidem
2350 519 2599 610 nobis
2664 515 2755 612 in
2820 543 3060 613 men·

153 731 210 778 „
255 679 454 750 tem
509 657 822 750 venit?
900 683 1170 748 eccur-
1215 660 1514 762 natalis
1561 660 1699 754 hic
1736 657 1894 754 soli
1942 663 2441 754 memoriam
2488 689 2661 756 non
2725 659 3055 770 suscita·

155 865 214 918 ‚‚
257 827 468 894 mus
492 803 534 888 ἲ
625 823 1078 920 arcemque
1131 805 1338 894 hanc
1388 831 1699 896 novam
1743 805 1846 902 ab
1893 805 2031 895 illa
2078 781 2361 898 veteri
2416 831 2823 896 vocamus
2882 807 3057 922 1721-
3162 813 3248 876 Ea
3270 814 3479 918 mo,

171 983 232 1066 ·‚‚
281 973 384 1064 ry
405 945 452 1030 ἓ
491 1011 550 1056 „
695 937 922 1038 Rem
971 939 1226 1062 ipsam
1271 942 1567 1040 dixisse
1605 943 1830 1040 visus
1871 949 2018 1038 est.
2160 942 2393 1062 Ergo
2432 949 2533 1040 ad
2556 953 2828 1040 'unum
2882 973 3058 1040 om·
3078 919 3273 964 '‘m'’
3308 920 3522 987 ‘'MP“

165 1076 320 1182 ‘nes
357 1085 578 1176 laeto
609 1077 1006 1200 Principe
1047 1087 1511 1178 vocandam
1549 1082 1810 1204 Psary
1858 1073 1946 1176 (θ)
2004 1091 2560 1182 conclamant.

187 1261 3051 1394 ψψψψψψψψψψοψψψψψψψψψψψ

527 1457 1086 1586 ANNUS
1179 1463 1570 1600 JESU
1673 1469 2344 1582 CHR1sT1
2447 1474 2703 1612 683.

265 1656 644 1742 15:20le
693 1659 786 1740 IL
841 1653 1124 1747 PAPAE
1182 1685 1302 1840 ¹‘c
1329 1655 1936 1841 {ogsgalut
1987 1660 2392 1750 POGON.
2442 1663 2771 1742 nuper..
2836 1671 2951 1742 16.

1877 1789 1996 1864 14

170 1914 284 2013 (a)
463 1908 684 1988 amin
712 1909 1132 1994 Prodromo
1167 1911 1423 1991 nostro
1466 1911 1668 2008 hujus
1725 1911 1925 1992 castri
1956 1911 2176 2017 Pssry
2224 1911 2613 1994 memorias
2664 1939 2753 1994 ex
2788 1910 3049 2012 Jorda-
3157 1931 3363 1996 Prodr.
3400 1933 3519 1996 Am

515 2041 624 2092 no
659 2011 1051 2094 retulimus.
1211 2013 1577 2131 Legendo
1621 2015 1870 2118 postea
1896 2019 2257 2112 Joannem
2305 2015 2609 2097 Lucium
2643 2016 2735 2094 de
2771 2019 2883 2110 Re
2942 2015 3185 2091 nom!-
3214 2017 3416 2098 Hayec.
3451 2035 3515 2100 Ρ-

511 2114 884 2193 Dalmatiae
947 2123 1020 2195 ὃ(
1078 2117 1434 2211 Croatiae,
1486 2116 1656 2196 item
1715 2119 2224 2222 Presbyterum
2292 2117 2791 2212 Diocleatem,
2914 2118 3047 2193 ho-
3080 2115 3221 2176 144·

157 2243 360 2296 mam
389 2217 1016 2297 Archidiaconum
1057 2220 1558 2322 Spaletanum‚
1610 2227 1682 2298 &
1718 2223 2049 2296 Marcum
2100 2223 2508 2315 Marulum,
2564 2221 2637 2300 in
2693 2219 2771 2297 id
2826 2215 3051 2296 inaxi-

56 2391 85 2402 -
163 2347 288 2399 me
327 2319 762 2400 intendimus
801 2319 1026 2398 aciem
1059 2321 1352 2416 inentis,
1410 2347 1488 2398 ut
1531 2321 1954 2402 memoriam
2012 2319 2317 2422 aliquam
2370 2322 2571 2421 hujus
2626 2321 2831 2402 castri
2870 2347 3051 2422 pra:-

104 2415 122 2450 ²
163 2421 386 2527 cipue
421 2448 514 2497 ex
571 2419 1136 2539 diplomatibus,
1187 2449 1501 2527 quorum
1552 2422 1824 2503 ibidem
1880 2425 2182 2539 egregia
2237 2451 2461 2524 penus
2490 2483 2512 2519 ‚
2567 2448 2684 2502 aut
2734 2451 2823 2502 ex
2873 2429 3052 2501 Por-

219 2527 270 2602 h
307 2524 662 2629 ’rogenin
717 2526 1058 2630 catalogo
1119 2526 1444 2620 urbium,
1499 2526 1868 2621 vicorum,
1942 2528 2468 2628 insularumque
2524 2528 2688 2605 dete
2750 2552 3048 2604 eremus.
3117 2600 3124 2609 ,

157 2550 258 2707 ξε
347 2652 648 2730 operam
679 2624 1166 2731 perdidimus,
1215 2629 1546 2733 nuspiam
1579 2629 1776 2709 enim
1815 2628 2031 2733 Psary
2067 2653 2187 2705 aut
2218 2629 2651 2707 vocabulum
2722 2626 2921 2705 imile
2970 2624 3049 2705 in

159 2730 426 2807 oculos
469 2726 742 2806 incidit.
851 2730 936 2807 ln
973 2728 1208 2807 Silelia
1243 2729 1552 2826 eiuidem
1591 2729 1906 2809 nominis
1949 2731 2191 2809 locum
2232 2730 2541 2809 omnino
2584 2726 2863 2845 reperi,
2918 2754 3048 2807 cu-

163 2830 270 2927 jus
305 2828 486 2935 firpe
539 2828 614 2907 in
675 2828 1184 2931 diplomatibus
1248 2832 1576 2913 Vladislai
1634 2832 1858 2911 Ducis
1911 2831 2286 2911 Cracoviae
2348 2832 2427 2909 fit
2474 2858 2774 2911 mentio.
2926 2834 3049 2911 An
3150 2854 3482 2919 Sonmzersb.

167 2930 358 3009 istud
393 2957 696 3033 quoque
731 2932 806 3009 in
847 2932 1272 3011 memoriam
1341 2933 1622 3014 Czechi
1681 2932 2061 3013 conditum
2115 2932 2477 3013 dicemus}
2532 2934 2646 3013 Illi
2706 2932 2781 3009 id
2838 2945 3133 3037 argu-in
3163 2942 3511 3040 diplonmtar.

169 3060 432 3115 mento
465 3033 550 3111 lit
579 3092 604 3131 ‚
653 3031 778 3137 qui
811 3061 975 3113 cum
1017 3042 1422 3141 Anonymo
1457 3038 1664 3139 {upra
1701 3034 1989 3115 laudato
2020 3036 2239 3115 saeculi
2280 3040 2478 3115 xlv.
2512 3034 2883 3141 Scriptore
2912 3038 3053 3113 Le·
3074 3026 3222 3107 Silqs.

165 3136 386 3241 chum
429 3136 748 3214 Ducatus
787 3134 1242 3241 Lignicenfis
1277 3138 1674 3240 Silefiaeque
1716 3136 2183 3217 fundatorem
2220 3138 2457 3217 facere
2504 3136 2846 3216 voluerit.

439 3260 554 3358 (b)
599 3257 934 3336 Balbinus
979 3284 1326 3365 magnum
1363 3260 1588 3337 robur
1625 3259 1714 3337 ad
1759 3256 2247 3337 stabiliendam
2285 3256 2655 3335 historiam
2688 3254 2966 3337 Czechi
3008 3282 3050 3335 e
3155 3273 3311 3335 Balb.
3334 3274 3476 3335 Dec.

165 3358 472 3441 Grontia
511 3363 766 3467 egi-elii
799 3359 878 3439 id
913 3384 1272 3457 autumat,
1320 3360 1528 3465 quod
1568 3360 1946 3440 Bonfinius
1976 3360 2239 3439 castelli
2276 3370 2577 3463 Krupinae
2615 3358 2807 3461 quasi
2857 3356 3048 3435 aliud
3076 3359 3355 3441 1·1·7·²'¹²
3377 3366 3521 3421 noti,-

169 3488 442 3569 agens,
495 3462 950 3545 mentionem
985 3462 1215 3541 faciat.
1365 3468 1466 3543 At
1501 3492 1588 3544 ex
1639 3461 1978 3543 vocabuli
2038 3460 2539 3555 similitudine,
2594 3468 2667 3541 &
2723 3460 3202 3564 cummi-521·

175 3566 302 3643 mis
323 3592 418 3643 ex
437 3564 888 3671 temporibus
927 3590 1010 3647 ac
1037 3566 1344 3645 authore
1375 3564 1672 3644 historia
1703 3564 1983 3647 Czechi
2004 3563 2207 3643 facile
2247 3563 2498 3643 saeculis
2520 3564 2771 3642 decem
2808 3560 3051 3677 poste-

167 3668 486 3746 rioribus
529 3692 1042 3774 argumentum
1081 3693 1370 3771 petere‚
1421 3696 1531 3749 res
1561 3668 1891 3747 omnium
1930 3666 2107 3744 mibi
2150 3666 2437 3745 videtur
2487 3663 3049 3759 imbecilhslima,

163 3770 564 3875 pra-sertim
603 3798 770 3849 cum
811 3770 1174 3874 Hayecius
1265 3770 1484 3847 rimus
1515 3772 1844 3849 omnium
1886 3771 2139 3848 harum
2196 3767 2652 3849 historiarum
2752 3767 3051 3859 relator,

159 3896 322 3951 non
349 3871 560 3955 castri
597 3872 982 3975 Krupinae,
1031 3870 1152 3951 {ed
1237 3870 1389 3951 uvii
1419 3881 1644 3975 Krupa
1679 3870 2134 3962 meminerit,
2190 3899 2405 3973 quem
2447 3896 2541 3949 ne
2594 3796 2827 3975 ipsiim
2886 3868 3049 3973 qui-

167 3972 342 4051 dem
375 3972 454 4051 in
489 3975 702 4080 supra
739 3972 1148 4053 memoratis
1186 3974 1556 4053 Dalmatiae
1601 3984 1672 4053 &
1701 3972 2014 4055 Croatiae
2050 3972 2531 4079 Scriptoribus
2599 3970 2866 4077 uspiam
2900 3998 3047 4049 no-

169 4100 394 4154 tatum
431 4076 706 4181 reperi.
861 4078 1181 4180 Kulpam
1219 4078 1488 4155 flumen
1516 4076 1724 4155 isthic
1761 4080 2009 4181 legere
2056 4074 2226 4157 licet
2262 4102 2354 4153 ex
2398 4074 2797 4154 Annalibus
2828 4080 3045 4152 Fran-
3110 4084 3317 4181 Annal.
3345 4082 3515 4145 Fran-

167 4178 748 4273 cofisldenfibus,
799 4178 1146 4281 idemque
1193 4178 1572 4261 adnotavit
1621 4180 1868 4263 Abbas
1921 4177 2413 4259 Gottvicenfis
2468 4174 2545 4257 in
2596 4176 2715 4257 sua
2765 4176 3048 4256 Tabula
3069 4168 3269 4257 effulsi,
3298 4168 3372 4229 ad
3400 4170 3517 4230 An.

167 4280 710 4393 Geographica
741 4278 962 4366 medii
1011 4280 1170 4365 aevi.
2793 4379 2897 4475 (3
3073 4257 3219 4331 ⁸⁹²·

2824 4406 2855 4450 c
