3984 5000
1785 378 1796 387 ·
2117 363 2470 442 Annus
2782 416 2797 427 -
2960 396 2969 415 ·

1717 592 2551 871 ANNUS
2694 728 2961 841 743

887 941 894 949 ¹
941 1048 946 1054 .
987 1018 999 1029 ν
1288 984 1500 1049 nnus
1561 924 2339 1072 septingentefimus
2407 954 3065 1072 quadragesimus
3126 957 3427 1050 tertius
3458 1027 3483 1072 ,
3554 988 3815 1079 quam·

946 611 1277 1331 A
1358 1096 1604 1189 fluxae
1663 1111 1914 1211 atque
1990 1092 2404 1185 instabiles
2452 1088 2783 1183 e‘fl'ent
2804 1100 3176 1184 humanae
3224 1126 3432 1211 reS‚
3504 1126 3815 1245 exemf

1363 1235 1594 1352 plum
1639 1230 1803 1327 fuit
1849 1231 2421 1323 memorabile.
2504 1226 2743 1323 Per
2780 1240 2931 1321 hos
2974 1234 3204 1322 enim
3250 1237 3434 1325 dies
3475 1238 3586 1327 fic
3628 1268 3793 1329 maa

949 1373 1196 1465 lefida
1232 1372 1562 1463 fortuna
1599 1368 2063 1483 Wlam,
2134 1365 2765 1485 femineumque
2828 1397 3142 1460 nomen
3214 1375 3317 1461 ad
3378 1372 3795 1469 summum

829 1550 840 1558 ·
953 1512 1270 1617 extulit
1289 1578 1316 1625 ,
1385 1528 1483 1599 ut
1511 1508 1820 1625 eodem
1858 1533 2082 1624 pene
2124 1507 2433 1623 puncto
2475 1509 2879 1624 temporis
2945 1510 3102 1597 ad
3078 1528 3243 1605 'ima
3294 1512 3793 1609 deturbarit

955 1638 1342 1765 Equessri
1421 1674 1682 1763 nuper
1749 1620 2033 1763 praelio
2100 1646 2589 1762 recentique
2651 1647 3021 1737 Cztiradi
3087 1650 3311 1738 caede
3380 1628 3797 1747 domitum

958 1788 1306 1893 οιιιιιιιιο
1353 1786 1806 1882 eredebant
1855 1784 2251 1880 mulieres
2284 1778 2535 1873 virile
2576 1812 2889 1874 nomen
2916 1762 3414 1905 ,nihilque
3381 1816 3553 1899 Jam
3594 1787 3793 1903 effe,

941 1926 1191 2044 quod
1228 1921 1861 2041 properantibus
1909 1920 2008 2011 ad
2048 1922 2707 2013 dominationem
2759 1922 3100 2013 officere
3144 1924 3503 2041 poss'et
3606 1922 3798 2045 Ja'm,

541 2073 926 2153 'Wassaeffi
969 2066 1058 2169 διε
1099 2061 1422 2153 Wlasta
1464 2056 1827 2154 succefl'u
1865 2087 2143 2150 rerum
2184 2060 2453 2150 indies
2498 2063 2947 2175 ῐιιιιιιᾶιοι,
3020 2062 3109 2155 Sc
3176 2066 3365 2181 quia
3432 2016 3519 2153 se
3584 2062 3805 2199 frau,

493 2157 616 2245 μ’
649 2154 717 2243 {5
739 2176 826 2226 ”⁴
823 2178 946 2236 'm'
929 2198 1164 2315 '‚de
1205 2206 1378 2291 ιιοιι
1412 2200 1734 2298 'virtute
1779 2199 2188 2317 tantillam
2254 2200 2431 2285 heri
2500 2199 2824 2288 cladem
2894 2228 2937 2287 3
3003 2196 3503 2315 Przemyslo
3568 2225 3804 2291 acces

969 2334 1172 2457 pifl'e
1241 2335 1607 2452 iciebat,
1697 2336 2006 2437 virium
2068 2332 2389 2424 suarum
2459 2336 3179 2451 contemplatione
3241 2338 3654 2452 inflatior,
3747 2366 3807 2445 e.

871 2525 876 2530 ·
935 2475 1305 2574 ·sublimi
1347 2470 1556 2570 solio
1595 2471 1880 2566 mense
1917 2468 2208 2589 Aprili
2250 2474 2352 2564 ad
2398 2492 2857 2564 evocatum
2888 2474 3299 2572 muliebre
3344 2477 3805 2573 concilium·

877 2609 884 2614 ⁵
923 2663 930 2672 ·
971 2617 1235 2710 verba
1279 2611 1492 2703 fecit
1538 2613 1784 2727 longa
1850 2609 2252 2713 sermonis
2322 2614 2695 2726 ambage.
2912 2611 3085 2704 Sub
3150 2614 3573 2728 epilogum
3622 2611 3832 2704 om?

973 2781 1169 2858 nes·
1191 2738 1606 2868 stupentes
1669 2759 2267 2867 haereutesque
2296 2746 2638 2864 effecit,
2708 2752 2907 2843 dum
2982 2749 3279 2841 severo
3345 2753 3587 2842 vultu
3656 2780 3805 2849 ex

977 2888 1412 3017 posceret,
1483 2917 1727 3019 quam
1799 2885 1968 2978 effe
2029 2887 2437 2984 Wlastam
2493 2906 2927 3017 putarent.
2906 2893 2943 2953 2
2989 2889 3274 3018 palam
3338 2891 3801 3000 edicerent;

980 3028 1160 3118 Cui
1207 3005 1762 3119 BudeslaWka
1829 3027 2278 3140 composita
2338 3009 2440 3118 ad
2498 3052 2856 3116 omnem
2901 3005 3512 3120 submiflionem
3579 3055 3809 3130 voce

933 3187 1450 3274 ceterarum·
1491 3165 1832 3268 nomine
1866 3161 2457 3279 respondebat,
2521 3163 3004 3279 appellando
3046 3161 3521 3282 Principem
3540 3235 3566 3280 ,
3618 3167 3803 3264 Rjes-

985 3306 1266 3422 giriam
1285 3373 1312 3418 ,
1379 3299 1706 3426 Deam,
1781 3301 2221 3404 vic’tricem
2268 3301 2773 3418 Bohemiaej
2816 3304 3187 3394 virorum
3253 3306 3803 3440 triumphatri

993 3472 1187 3538 cem
1211 3512 1240 3559 ,
1327 3442 1570 3558 plane
1636 3427 2019 3564 dignam,
2130 3442 2359 3557 cujus
2424 3441 2778 3559 imperio
2836 3469 3006 3530 non
3059 3444 3489 3533 hominum
3548 3444 3807 3544 modo

993 3608 1258 3695 genus
1305 3606 1586 3692 omne,
1608 3578 1752 3673 sed
1791 3581 1881 3670 &
1915 3578 2084 3695 ipsa
2136 3583 2388 3670 etiam
2434 3581 2685 3669 fidel-'a
2729 3597 2980 3692 atque
3012 3580 3207 3666 astra
3227 3578 3810 3694 subjiciantur,

997 3720 1360 3836 denique
1404 3718 1925 3832 prudentiam
1969 3719 2151 3830 ejus
2218 3719 2887 3831 majestatemque
2928 3715 3352 3842 Olympizc
3406 3713 3815 3828 Macedo-

725 3921 734 3928 .
883 3919 894 3924 -
995 3869 1201 3954 aum
1234 3853 1574 3966 Reginae
1598 3923 1625 3968 ,
1694 3851 2179 3972 Didonique
2242 3853 2847 3967 Carthaginenfi
2910 3852 3429 3948 conferendo
3444 3923 3473 3969 ,
3544 3857 3633 3948 δι
3688 3853 3811 3946 su·

997 4019 1142 4110 pra
1177 4019 1517 4092 omnem
1565 3993 2060 4083 muliebrem
2110 3994 2499 4108 gloriam,
2574 3999 2822 4111 quam
2860 3990 3028 4082 seu
3092 3991 3391 4108 Circe,
3463 3991 3639 4085 seu
3650 3979 3831 4084 Cli'

819 4135 824 4142 '
999 4131 1487 4248 temnestra‚
1553 4129 1700 4223 seu
1761 4127 2168 4232 Polixena
2183 4197 2211 4244 ,
2306 4127 2454 4229 seu
2508 4127 2653 4227 Ifis
2670 4193 2701 4247 ,
2767 4127 2911 4222 seu
2966 4125 3361 4226 Minerva
3382 4201 3411 4248 ‚
3484 4127 3823 4248 Venus»,
3983 4162 3984 4197 ³

3527 4264 3671 4381 Ju
