3984 5000
1345 350 1908 435 szsmsrr
1963 374 2088 433 αι.
2900 373 3045 463 241

193 506 767 620 collaudaret,
841 504 1170 620 ignarus
1209 510 1542 631 qualem
1581 516 1902 627 pestem
1940 514 2107 606 suis
2161 504 2742 636 sociorumque
2780 488 3048 623 visce-
3130 544 3137 555 ·

199 655 435 748 ribus
529 608 998 739 infudifl'et·
975 712 1002 757 ‚
1090 647 1199 737 fic
1269 648 1498 738 enim
1561 650 1638 739 is
1707 672 1962 765 potus
2022 646 2461 747 veneficiis
2526 660 3043 779 magicisque

208 788 739 883 cantionibus
799 805 977 911 erat
1033 784 1430 877 decoctus
1459 855 1485 900 ,
1597 808 1696 879 ut
1761 792 1904 905 qui
1976 786 2367 882 bibissent
2382 859 2411 906 ,
2480 822 2633 885 eos
2696 799 3043 907 omnino
3192 802 3199 809 ”

206 929 575 1045 stupidos
600 993 627 1038 ,
699 938 950 1040 atque
997 925 1098 1012 ad
1153 922 1241 1015 se
1285 922 1906 1016 defendendum
1969 930 2294 1043 prorsus
2360 914 2701 1023 mutiles
2756 936 3045 1027 redde*
3154 910 3163 923 '
3307 914 3317 925 '

205 1086 368 1159 ret.
514 1062 780 1178 Super
817 1070 992 1151 haec
1037 1060 1573 1153 versutiffima
1606 1066 1928 1179 puella,
2002 1070 2219 1184 quafi
2253 1068 2424 1180 jam
2464 1066 2745 1161 salutis
2778 1094 3041 1189 certa,

194 1203 691 1324 juveniliter
731 1220 1032 1316 petere
1070 1190 1410 1313 institit,
1480 1222 1577 1293 ut
1635 1206 2112 1321 priusquam
2162 1205 2562 1303 'fatalibus
2622 1211 2749 1299 his
2817 1211 3043 1303 filvis

215 1342 784 1452 excederent,
872 1339 1314 1429 venatorio
1375 1340 1524 1428 fibi
1587 1341 1984 1461 appenso
2012 1372 2273 1435 cornu
2318 1348 2775 1437 Cztiradus
2827 1350 3049 1439 occi

107 1464 124 1475 ⁹
211 1499 483 1573 neret.
689 1407 1007 1565 D'a'tum
1048 1477 1137 1567 ssc‘
1177 1476 1266 1565 id
1331 1477 1632 1592 puellae
1681 1452 2269 1575 blandimentis
2286 1552 2313 1597 ,
2380 1482 2524 1573 sed
2574 1486 2661 1575 id
2708 1485 3049 1576 demum

205 1636 397 1711 erat
431 1616 576 1707 suo
619 1614 706 1707 se
751 1616 1025 1729 gladio
1058 1616 1460 1729 jugulare.
1629 1614 1829 1707 Hoc
1877 1622 2109 1709 euim
2163 1621 2366 1711 sono
2396 1692 2423 1738 ,
2492 1650 2653 1713 ceu
2698 1624 2893 1715 dato
2943 1618 3045 1719 ad
3192 1608 3199 1617 ’

207 1758 806 1871 erumpendum
852 1754 1078 1865 figno
1100 1822 1127 1867 ‚
1200 1750 1644 1869 provolant
1719 1785 1832 1849 ex
1881 1760 2185 1847 infidiis
2224 1780 2553 1850 armatae
2590 1764 3049 1878 puellarum

207 1913 514 1989 turmae
532 1962 561 2007 ‚
620 1990 625 1993 ,
679 1890 1050 2009 tristique
1117 1886 1432 1983 ululatu
1495 1894 1854 1985 inveclae
1917 1895 2477 1988 male-feriatos
2544 1900 2823 2019 vitoe,
2896 1903 3051 1991 stua·

211 2052 680 2151 pentesque
724 2030 812 2120 &
852 2030 1157 2121 eodem
1197 2027 1494 2120 affixos
1557 2035 1906 2146 vestigio
1965 2054 2295 2125 ceteros
2367 2037 2705 2153 quidem
2748 2037 3042 2150 jaculis

215 2170 596 2263 confixos
617 2237 646 2282 ,
687 2140 1205 2285 ensibusque
1285 2172 1572 2279 stratos
1625 2173 1857 2260 humi
1927 2172 2488 2287 profundunt,
2563 2176 2823 2290 captis
2883 2202 3049 2263 ma

210 2336 368 2399 nus
413 2312 962 2420 obtruncant,
1021 2326 1104 2397 at
1149 2308 1636 2397 Cztiradum
1679 2311 2000 2399 catenis
2056 2311 2434 2402 vinclum
2498 2315 2823 2425 magnis
2889 2314 3045 2402 cla-
3166 2318 3463 2390 amans

214 2447 652 2538 moribus
629 2474 716 2536 m
765 2443 1126 2537 DieWin
1191 2454 1694 2564 pertrahunt.
1753 2434 1870 2535 (ὓ)
2083 2446 2287 2540 Non
2349 2450 2543 2539 alias
2610 2451 3047 2566 laetiorem,
3078 2408 3371 2577 ss‘ssssss'm
3348 2430 3419 2473 '⁸'
3410 2406 3517 2474 ⁸¹⁸

215 2595 464 2706 qu'am
497 2613 608 2676 eo
675 2583 1192 2704 [Ρεὲῖιιειιιο,
1263 2584 1688 2674 Wlastam
1743 2588 2167 2677 viderant·
2144 2651 2171 2698 ,
2244 2589 2675 2683 exultabat
2738 2617 3048 2706 nempe
3158 2691 3165 2696 ,

215 2727 640 2856 impotens
681 2720 803 2811 sui
851 2724 1151 2841 mulier
1196 2724 1540 2812 lenitam
1583 2724 1881 2840 prioris
1917 2726 2228 2814 doloris
2294 2753 2671 2838 magnam
2712 2747 3045 2846 partem

213 2871 366 2954 hac
416 2883 588 2954 tam
628 2859 910 2951 illustri
951 2831 1368 2992 yindicla„
1389 2889 1750 2979 eumque
1793 2865 1879 2952 in
1921 2859 2059 2952 sua'
2110 2861 2273 2952 ess'e
2306 2863 2742 2980 potestate,
2792 2887 3045 2982 quem
3208 2875 3217 2884 '

213 3002 574 3094 consiliis
617 2999 804 3090 suis
818 2983 1146 3115 semper
1211 2999 1594 3090 infestum
1639 3003 1876 3089 instar
1939 3004 2239 3091 mortis
2306 2999 2628 3093 odiss‘et.
2836 3001 3049 3095 Inde

219 3143 646 3232 damnatus
720 3139 1012 3260 capitis
1079 3140 1462 3251 indignus
1529 3167 1628 3228 ea
1695 3141 2161 3230 calamitate
2224 3142 2401 3255 vir,
2474 3141 2853 3230 educitur
2902 3171 3049 3259 po-

219 3282 432 3372 stero
469 3282 606 3372 die
670 3278 772 3367 ad
835 3280 1096 3394 ripam
1161 3275 1588 3370 Moldavae
1665 3306 1779 3368 ex
1833 3278 2178 3368 adverso
2250 3276 2801 3391 Wrffehradi,
2870 3305 3035 3370 cru·

213 3418 447 3508 ribus
489 3416 772 3511 fractis
809 3415 1074 3505 atroci
1137 3412 1598 3530 spectaculo
1688 3417 1778 3504 in
1829 3414 2275 3505 sublimem
2340 3435 2612 3506 rotam
2680 3413 3043 3534 implica

219 3574 404 3670 tur,
438 3547 538 3650 (ὅ)
589 3558 945 3646 multum
983 3547 1323 3644 dolente
1367 3550 1866 3667 Przemyslo
1883 3620 1910 3668 ‚
1987 3555 2212 3670 quod
2284 3551 2372 3644 se
2434 3553 2857 3670 spetffiante
2924 3555 3044 3642 in
3156 3539 3461 3654 mffera'bsle·

223 3689 688 3809 digniffimo
709 3691 1030 3782 mortis
1081 3719 1392 3805 genere
1417 3695 1594 3784 'tam
1631 3701 1960 3782 charum
1986 3711 2233 3808 caput
2274 3695 2615 3809 peritet,
2640 3651 3380 3809 terraequessfsspssssuss‘
3292 3745 3433 3801 ,m
3404 3675 3517 3716 ''⁸“

227 3832 591 3924 mandari
631 3856 802 3923 non
841 3827 1134 3946 poffet.

397 4013 410 4022 ·
521 3967 981 4064 Memoriae
1023 3963 1469 4084 prodidere
1531 3963 1960 4080 nonnulli,
2036 3971 2231 4061 dum
2288 3957 2387 4059 ea
2450 3963 2722 4074 cae'des
2792 3969 3050 4062 comi-

225 4125 422 4200 tum
460 4105 832 4204 cztiradi
868 4109 1181 4223 fieret,
1251 4109 1338 4200 δε
1385 4110 1822 4202 Cztiradus
1864 4109 2037 4224 ipl'e
2081 4139 2125 4200 a
2158 4107 2455 4226 puellis
2495 4109 2598 4200 ad
2641 4101 3051 4202 Wlastam

1553 4243 1646 4338 H
1685 4258 1742 4337 h
2800 4271 2921 4334 ra·
