3984 5000
785 400 790 407 ·
947 376 1004 439 a·
1093 352 1179 399 f
1389 325 1402 339 ⁰
1681 350 1686 357 ’
1852 372 1872 385 ‘
2102 336 2448 471 &unus
2490 350 2695 450 ¹⁶44?

949 544 1250 647 magna
1291 511 1626 607 suorum
1661 540 1915 608 manu
1953 498 2051 606 (h)
2101 517 2556 637 populique
2596 510 3138 611 multitudine
3182 510 3285 607 ab
3326 511 3585 608 domo
3630 544 3853 639 pro-

951 656 1164 753 festi
1189 728 1217 775 ,
1307 660 1580 749 multo
1644 661 1826 775 post
1904 677 2291 777 tempore
2312 728 2339 773 ‚
2434 686 2685 779 quam
2742 659 3007 781 patria
3064 655 3596 753 excesserunt
3616 729 3644 775 ,
3726 661 3841 753 in

951 796 1446 898 Bohemiam
1493 818 2037 917 penetrantes
2077 798 2223 891 sub
2264 802 2687 917 pervastae,
2764 798 3180 919 celsaeque·
3212 793 3489 890 molis'
3513 820 3855 901 monte.

953 936 1536 1037 consederunt
1579 930 1674 1023 (¹)
1796 932 2123 1031 'Altero
2173 968 2419 1059 quam
2463 942 2708 1035 venit
2760 942 2897 1033 die
2943 942 3328 1033 Czechus
3372 942 3599 1031 bene
3652 968 3845 1031 ma-

951 1110 1063 1181 ne
1113 1077 1518 1197 assumpto
1569 1078 1828 1171 fratre
1871 1082 2221 1199 aliisque
2261 1100 2617 1201 quatuor
2674 1083 2837 1172 viae
2888 1082 3344 1172 comitibus
3382 1068 3505 1166 (Α)
3582 1110 3839 1173 ιιιοιι-

954 1240 1141 1321 tem
1202 1250 1484 1313 coram
1548 1222 1906 1338 pofitum
1970 1220 2509 1341 conscendit,
2610 1223 2835 1313 unde
2902 1224 3178 1312 omnis
3248 1223 3385 1312 illa
3448 1197 3835 1335 subjeaeita

956 1382 1362 1462 terrarum
1426 1359 1686 1453 facies
1719 1430 1746 1476 ‚
1837 1390 2231 1475 nemora,
2331 1362 2725 1478 flumina,
2794 1384 3133 1455 montes
3154 1433 3181 1477 ‚
3247 1364 3828 1481 planitiesque

956 1500 1327 1653 conspici
1373 1522 1816 1621 poterant,
1863 1500 2405 1621 reversusque
2449 1504 2796 1598 demum
2834 1505 2933 1593 ad
2976 1502 3166 1595 suos
3218 1504 3528 1621 inquit:
3602 1573 3660 1621 „
3676 1501 3827 1599 En

531 1614 672 1723 Μο
643 1668 736 1721 vm
761 1640 920 1733 Ξὲψ
955 1714 1010 1761 ,,
1037 1664 1425 1735 montem
1469 1642 1944 1757 sublimem,
1983 1672 2241 1761 quem
2283 1646 2559 1759 lingua
2610 1642 2939 1736 Slavica
3000 1622 3235 1771 grip
3274 1626 3661 1759 dicimus,
3714 1634 3827 1736 (ἵ)

399 1776 419 1793 ’
951 1854 1008 1935 „
1035 1813 1146 1889 en
1187 1787 1831 1917 circumquaque
1857 1782 2345 1877 laetissimam
2390 1786 2859 1903 planitiem,
2884 1806 3195 1877 terram
3243 1787 3577 1876 vomeri
3625 1814 3825 1901 per»-

947 1997 1004 2047 ,‚
1032 1946 1307 2055 aptam
1337 1998 1416 2043 n„
1459 1908 1858 2045 simulque
1899 1927 2295 2039 singultus
2332 1954 2649 2016 vocem
2690 1928 2771 2017 ei
2797 1927 3208 2046 eripiebat
3274 1946 3433 2041 „at
3473 1932 3665 2040 heu,
3693 1928 3823 2018 in-

943 2138 1000 2185 „
1035 2070 1248 2186 quit,
1277 2068 1708 2181 incultam,
1741 2096 1858 2155 ac
1843 2069 2123 2157 umni
2164 2086 2401 2183 parte
2451 2044 2673 2158 Γι1ν13
2721 2069 3137 2158 horridam
3164 2070 3242 2185 !,‚
3294 2052 3419 2153 (m)
3474 2062 3817 2159 Postera

936 2206 1255 2305 rursum
1304 2208 1494 2300 luce
1545 2209 1985 2323 Czechus‚
2054 2228 2152 2299 ut
2200 2227 2381 2298 erat
2416 2236 2696 2299 rerum
2744 2209 3065 2300 illarum
3118 2196 3603 2327 explorator
3646 2211 3813 2298 mi-

927 2350 1269 2465 rificu3‚
1347 2349 1694 2442 adieetis
1739 2350 2045 2439 iisdem
2106 2346 2355 2438 sociis
2402 2350 2682 2441 omnia
2757 2352 3072 2441 circum
3130 2352 3441 2469 pedem
3485 2351 3817 2441 montis

931 2517 1278 2587 nemora
1325 2488 1796 2607 percursat,
1870 2489 2399 2610 repertisque
2472 2519 2587 2584 ex
2645 2511 2881 2612 parte
2946 2512 3297 2612 utraque
3360 2489 3645 2586 fluviis
3698 2482 3817 2584 (n)

931 2633 1169 2724 vario
1209 2629 1558 2749 piscium
1603 2657 1916 2746 genere
1951 2659 2124 2722 non
2162 2631 2674 2746 ignobilibus
2716 2620 2823 2722 (0)
2922 2636 3024 2724 ad
3087 2631 3279 2725 suos
3344 2633 3617 2724 redux
3682 2659 3807 2724 ex

932 2775 1227 2864 ordine
1276 2771 1544 2864 refert
1591 2773 1924 2888 omnia,
1995 2791 2091 2863 ut
2132 2776 2577 2890 comperit.
2722 2769 2913 2889 Jam
2995 2803 3189 2864 cum
3256 2775 3464 2866 nihil
3532 2775 3801 2888 magis

927 2913 1198 3005 fixum
1239 2911 1602 3016 sederet
1620 2916 1898 3022 animo
1918 2985 1948 3028 ,
2020 2941 2267 3033 quam
2313 2942 2423 3006 eo
2487 2935 2893 3008 terrarum
2938 2912 3203 3033 spatio
3272 2914 3801 3007 fortunarum

929 3051 1254 3146 suarum
1292 3056 1706 3146 collocare
1752 3053 2088 3171 sedem,
2166 3056 2257 3148 Sc
2295 3056 2677 3150 diuturna
2726 3056 3164 3175 aliquando
3196 3057 3799 3174 peregrinatio·

931 3223 1042 3285 ne
1089 3195 1481 3312 defungi,
1553 3197 2005 3290 tentandos
2050 3125 2227 3288 suae
2280 3195 2843 3292 multitudinis
2890 3199 3213 3290 animos
3280 3218 3563 3312 1·,atus
3638 3194 3793 3291 1111)

929 3333 1406 3454 ingressum
1419 3337 1590 3429 diei
1635 3335 2063 3456 sequentis
2136 3335 2537 3453 fratrem,
2612 3369 2709 3430 ac
2768 3337 3144 3431 seniores
3190 3339 3479 3458 populi
3544 3337 3645 3428 ad
3700 3335 3792 3435 se

929 3499 1189 3570 vocat
1210 3548 1234 3592 ,
1302 3449 1545 3594 juhet
1597 3480 1803 3570 cieri
1871 3476 2505 3596 patresfamilias
2576 3509 2773 3572 cum
2814 3482 3048 3572 omni
3096 3509 3460 3575 uxorum
3484 3547 3512 3593 ,
3574 3479 3795 3570 libe-

927 3645 1268 3733 rorum,
1339 3617 1937 3738 servorumque
1981 3646 2295 3735 grege,
2372 3649 2469 3710 ac
2522 3621 2867 3714 demum
2908 3622 3010 3712 ab
3052 3623 3487 3714 eminente
3558 3622 3809 3711 arbo«

875 3761 1038 3878 ,ris
1083 3779 1440 3876 trunco,
1520 3762 1653 3852 cui
1695 3759 2158 3876 insederat,
2237 3769 2411 3860 haee
2446 3764 2707 3860 verba
2764 3763 2865 3852 ad
2922 3760 3393 3852 universam
3437 3760 3789 3853 circum·

441 3976 524 4060 s
527 3891 698 4048 ᾖξ’.
685 3892 804 4046 5¹,
777 3891 852 3954 ‘⁸1²
928 3897 1190 3990 susam
1269 3903 1776 3999 concionem
1843 3897 2248 4018 profatur.
2422 3967 2487 4016 ‚,
2526 3899 2921 3994 Tandem
2958 3920 3275 3992 metam
3310 3902 3791 4021 longinquae

929 4093 986 4161 ,·,
1040 4043 1742 4159 peregrinationis
1787 4039 2048 4133 frater
2078 4037 2543 4148 suavi'ssime
2567 4111 2594 4158 ,
2662 4040 2985 4164 vosque
3020 4043 3349 4160 appello
3393 4043 3801 4158 finguloe,

923 4250 981 4299 „
1031 4185 1176 4304 qui
1227 4185 1316 4275 ὃς
1344 4205 1486 4276 me
1547 4182 2053 4312 cognatione
2114 4181 2527 4306 attingitis
2553 4253 2583 4304 ,
2643 4183 2733 4278 St
2794 4202 2933 4278 tot
2995 4184 3397 4282 itinerum
3420 4255 3447 4302 ,
3518 4183 3781 4274 molei-

3370 4325 3637 4448 ra'sth‘
3770 4415 3786 4450 .·
