3984 5000
1372 340 1752 426 Czsscnr
1823 368 1944 444 14·
2458 406 2467 416 .
2973 312 3113 449 ‘43'

199 504 450 608 sedit.
591 494 926 599 Eadem
995 508 1450 603 molientes
1511 472 1880 601 Hostum
1940 510 2030 602 ὃς
2066 423 2680 605 Czernauffium
2740 508 3077 631 fratreS,

203 653 478 769 dispar
523 646 860 741 fortuna
910 652 1284 769 excepit.
1425 652 1810 744 Czechus
1853 680 2100 771 quam
2144 672 2321 744 erat
2356 648 2831 750 futurorum
2873 684 3075 771 prae-

197 794 514 885 videns
540 862 568 906 ,
643 792 1040 881 interiora
1084 811 1332 883 terrae
1373 812 1674 911 petere
1727 794 2217 885 volentibus
2238 853 2281 910 ,-
2331 794 2697 885 abeundi
2744 795 3076 912 copiam

191 934 584 1048 negavit.
721 928 1243 1024 Mirantibus
1285 929 1698 1051 Principis
1736 935 2105 1025 animum
2129 1006 2155 1049 ,
2218 952 2471 1055 atque
2517 936 2744 1025 ultro
2784 936 3078 1050 etiam,

199 1104 374 1195 quo
425 1070 862 1163 confilium
920 1064 1332 1189 sptharet'
1351 1140 1378 1189 ‚
1447 1094 2041 1193 percontatum
2096 1057 2699 1190 venientibus,
2795 1144 2852 1191 „
2903 1068 3079 1166 Ex-

203 1216 736 1333 „ploratum
797 1214 1069 1303 habeo
1130 1242 1284 1332 per
1348 1211 1912 1333 speculatores
1969 1286 1998 1331 ‚
2094 1216 2370 1335 inquit
2410 1285 2436 1331 ,
2530 1214 2765 1333 supra
2829 1228 3079 1335 caput

205 1422 266 1471 ,‚
305 1376 666 1471 gentem
708 1351 878 1445 effe
897 1424 923 1468 ‚
993 1356 1300 1469 lingua,
1333 1356 1708 1445 moribus
1732 1424 1756 1471 ‚
1829 1358 2063 1448 cultu
2088 1428 2115 1472 ,
2183 1352 2379 1449 Diis
2427 1358 2790 1477 denique
2833 1386 2928 1447 ac
2968 1354 3083 1446 sa·-

205 1560 262 1612 „
305 1498 476 1586 cris
523 1526 572 1584 a
617 1494 866 1587 nobis
913 1497 1503 1587 abhorrentem
1529 1565 1555 1611 ,
1599 1483 1694 1581 (θ)
1741 1526 1966 1615 .quae
2036 1498 2349 1589 dudum
2416 1498 2690 1604 limis„
2710 1495 3081 1592 crescen-

207 1706 262 1753 „
301 1660 496 1729 tem
543 1637 766 1727 circa
805 1633 894 1726 se
919 1706 946 1749 ,
1019 1654 1272 1755 atque
1313 1638 1528 1727 intra
1563 1633 1880 1727 viscera
1935 1638 2354 1730 ditionum
2408 1636 2739 1730 suarum
2820 1640 3083 1757 pullu·

195 1827 260 1895 ·,‚
303 1780 634 1869 lantem
677 1804 860 1867 rem
908 1779 1264 1867 nostram
1308 1776 1667 1894 aspiciat.
1881 1771 2047 1868 'Ab
2070 1806 2191 1869 ·ea
2242 1780 2457 1940 quid
2503 1806 2667 1893 ego
2716 1804 3084 1897 unquam
3231 1792 3241 1813 '

199 1990 262 2035 „
305 1919 910 2049 tranquillum,
995 1918 1366 2010 fidumve
1435 1916 1830 2035 sperem?
1927 1948 2041 2009 ne
2104 1920 2395 2010 amicis
2472 1920 2815 2037 quidem
2880 1948 3085 2037 prae·

16 2146 50 2163 ,
201 2130 264 2177 ,,
313 2060 602 2151 benda
648 2058 1015 2149 nocendi
1051 2056 1405 2149 facultas
1465 2062 1607 2151 est.
1775 2054 2011 2161 Quid
2047 2062 2451 2175 ignoratis
2497 2089 2657 2153 vos
2706 2054 3083 2150 seceffio·

201 2270 262 2318 ‚‚
305 2230 424 2293 ne
473 2210 634 2291 hac
673 2202 939 2293 vestra
981 2202 1280 2318 aperiri
1313 2199 1479 2289 illis
1505 2268 1534 2313 ‚
1605 2200 2021 2317 sternique
2082 2202 2371 2317 viam,
2443 2200 2533 2293 8:
2594 2201 2744 2291 vel
2780 2164 3083 2319 quies

197 2412 256 2459 ‚‚
305 2360 617 2433 centes
659 2342 762 2429 ad
805 2340 1288 2431 invadenda
1279 2408 1322 2453 ἢ,
1393 2368 1578 2457 quae
1645 2359 2040 2433 tenemus
2068 2412 2095 2458 ‚
2176 2344 2402 2435 ultro
2442 2344 2865 2459 paucitate
2932 2368 3083 2432 no·

175 2541 254 2600 ·‚,
301 2486 462 2572 stra
505 2482 906 2574 invitari?
983 2502 1068 2574 at
1103 2482 1388 2600 quieta
1427 2478 1617 2571 sunt
1657 2482 1965 2575 omnia.
2131 2480 2323 2574 Sint
2359 2480 2553 2576 sane
2584 2553 2611 2597 ,
2684 2503 2936 2601 atque
2984 2500 3082 2580 ut

201 2693 260 2740 „
307 2627 436 2714 ita
485 2624 685 2737 lint,
761 2621 1004 2726 Deos
1044 2653 1224 2715 oro.
1371 2620 1548 2712 Sed
1587 2649 1833 2742 quam
1885 2641 2181 2714 metuo
2210 2695 2237 2740 ‚
2305 2653 2417 2715 ne
2457 2622 2859 2714 serenitas
2904 2632 3081 2714 haec

201 2836 261 2881 ,‚
308 2766 716 2855 celeriter
764 2783 1144 2854 vertatur
1182 2765 1272 2855 in
1311 2762 1766 2856 turbinem.
1987 2761 2193 2864 Quo
2243 2767 2587 2858 malacia
2662 2765 2869 2856 coeli
2912 2787 3082 2898 ma·

203 2975 262 3022 „
305 2905 496 3021 jot,
569 2931 678 2994 eo
713 2897 1192 3022 tempestas
1208 2905 1484 2996 futura
1535 2907 1653 2994 est
1697 2906 2183 3000 terribilior.
2334 2904 2731 3023 Suspecta
2781 2929 3081 2996 eorum

201 3115 264 3162 „
305 3045 560 3164 quies
598 3047 718 3136 est
739 3115 768 3161 ‚
843 3047 988 3164 qui
1019 3067 1328 3138 norunt
1397 3064 1684 3136 motus
1750 3065 2003 3166 atque
2068 3049 2384 3139 turbas
2414 3047 2565 3136 fibi
2622 3048 2852 3136 malo
2909 3043 3083 3137 effe

201 3257 264 3303 „
307 3181 572 3304 poffe.
754 3181 1044 3278 Abire
1061 3169 1390 3306 modo,
1462 3187 1861 3307 viresque
1903 3191 2193 3306 populi
2234 3183 2647 3280 distrahite
2672 3249 2703 3304 ‚
2770 3177 2933 3281 δε
2900 3215 3079 3301 Jam

205 3397 270 3446 ‚‚
313 3323 680 3418 violenti
715 3329 1110 3443 aderunt,
1183 3355 1398 3449 quos
1439 3357 1662 3418 nunc
1707 3329 2048 3448 quietos
2082 3331 2566 3447 appellatis
2704 3329 2942 3419 Cur
2921 3329 3079 3442 lgi-

211 3489 454 3588 „tut
497 3468 824 3586 inquiat
869 3469 1270 3560 alteruter
1347 3471 1764 3582 vestrum,
1839 3467 2181 3561 Lechus
2246 3491 2443 3561 cum
2507 3467 3077 3567 multitudinis

207 3629 552 3728 „parte
597 3609 868 3702 abiit?
937 3635 1085 3701 cut
1125 3605 1558 3700 Manucho
1623 3629 2199 3704 commeatum
2248 3612 2591 3703 dedisti.
2561 3615 2634 3684 Ρ
2674 3609 3079 3728 equidem
3119 3630 3125 3638 ·

204 3750 596 3870 „fateor
618 3817 647 3866 ,
719 3751 1080 3841 dandum
1137 3772 1316 3844 erat
1358 3753 1668 3872 aliquid
1708 3750 1997 3869 fratri,
2070 3741 2379 3873 aliquid
2447 3753 2707 3844 etiam
2780 3737 3081 3865 cogna-

203 3891 536 4014 „tioni
599 3891 1170 3986 tribuendum.
1337 3887 1526 3982 At
1599 3923 1757 3984 vos
1779 3961 1808 4012 ,
1903 3889 1964 3984 fi
2033 3891 2285 3986 hodie
2348 3889 2813 3985 dimiss'urus
2868 3889 3084 4008 lum,

118 4099 172 4120 ..-
199 4105 258 4156 „
305 4055 570 4152 quem
617 4035 1098 4126 mortalium
1148 4035 1368 4126 circa
1409 4061 1550 4124 me
1597 4033 2107 4128 servavero?
2176 4053 2458 4155 neque
2492 4045 2669 4127 haec
2710 4062 2825 4124 eo
2877 4061 3084 4123 con-

193 4245 264 4306 „
305 4175 486 4270 filio
531 4173 728 4268 dico
749 4246 784 4294 ,
863 4175 1092 4296 quod
1136 4177 1448 4270 eodem
1491 4179 1968 4270 haerendum
2037 4179 2391 4293 vestigio
2418 4245 2443 4294 ‚
2512 4177 3086 4296 populumque

1471 4311 1559 4407 F
1639 4344 1697 4410 2
2674 4385 2737 4430 ,‚
2770 4341 2947 4408 non
