3984 5000
139 376 248 483 in
306 359 766 473 histotiae
807 362 1342 469 veritatem
1391 358 2045 501 inquisivere,
2114 394 2347 471 cum
2395 362 2525 471 de
2584 364 3247 505 plurimarum
3310 392 3467 476 re·

125 540 350 621 rum
425 508 639 611 fide
689 502 1160 611 dubitare
1202 529 1784 637 cceperunt,
1853 535 2087 608 cum
2156 504 2635 632 sublesta,
2712 504 3145 644 suspecta
3180 589 3212 632 ,
3278 503 3461 616 aui:

129 650 423 795 plane
465 644 721 753 falsa
761 670 1250 782 tanquam
1307 642 1790 775 silvestres·
1835 643 2417 783 sterikesque
2473 644 2897 771 frutices
2954 646 3460 757 historicis

8 794 11 889 ἐ
135 792 498 901 nostris
563 787 1052 923 pomariis
1089 784 1656 918 ejecerunt,
1715 814 1953 888 cum
2001 786 2130 929 ad
2172 785 2626 892 fontium
2674 790 3228 927 puritatem
3289 820 3458 900 an·

8 922 11 1007 f
135 936 398 1043 nal&
473 918 912 1051 nostro'js'
954 932 1647 1045 correxerunt.
2198 1008 2203 1013 .
2369 928 2375 936 ’
3452 984 3461 991 ·

8 1016 13 1197 i
349 1068 560 1176 Sed
605 1092 728 1172 ut
762 1064 1312 1171 hominum
1389 1062 2012 1205 quandoque
2073 1062 2301 1172 sunt
2346 1065 2767 1208 ingenia
2798 1150 2831 1194 ‚
2894 1092 3109 1207 quae
3156 1065 3460 1175 obfir-
3580 1118 3635 1197 ·.

151 1238 406 1321 mata
463 1212 581 1313 in
633 1206 830 1311 suis
886 1204 1404 1310 sententiis
1460 1237 1651 1309 nec
1708 1208 2111 1311 ratione
2137 1240 2343 1313 nec
2383 1212 2749 1349 quovis
2806 1223 3464 1349 argumento-

75 1407 106 1439 ·
147 1354 356 1459 'rum
417 1347 892 1487 pondere
955 1370 1584 1483 moventur,
1654 1342 1816 1449 his
1879 1370 2001 1450 ut
2064 1347 2229 1451 vel
2282 1350 2641 1488 aliquo
2700 1352 3024 1455 modo
3086 1347 3467 1457 satisfe-

158 1492 354 1597 cisse
399 1488 1020 1612 videamur,'
1073 1488 1184 1591 in
1236 1484 1846 1631 publicanda
1906 1482 2100 1593 hac
2166 1486 2276 1591 ΙΙ.
2319 1488 2613 1596 Parte
2660 1488 3217 1599 Annalium
3260 1484 3467 1595 Ha'-

165 1626 814 1770 yecianorum
886 1626 1182 1731 aliam
1239 1624 1902 1761 partitionem
1985 1625 2315 1755 secuti
2357 1628 2695 1735 sumus
2763 1634 3167 1768 aptiori
3210 1660 3452 1765 ope-

8 1802 21 2329 ?
153 1804 300 1876 re:
357 1765 1082 1905 dispescuimu's
1140 1768 1472 1891 enim,
1520 1762 1616 1870 δι
1657 1767 2063 1901 penitus
2108 1766 2712 1909 sejunximus
2780 1770 3092 1877 verba
3127 1766 3462 1903 Haye·

153 1914 274 2017 cii
323 1910 468 2017 ab·
505 1902 1546 2044 animadversionibus
1592 1906 2025 2040 nostris3
2097 1932 2218 2011 ut
2273 1907 2467 2034 illi',
2511 1907 2899 2047 ,quibus
2944 1908 3459 2046 Hayecius

153 2052 677 2187 praeplacet
719 2128 752 2173 ,
818 2047 1348 2185 integrum
1407 2047 2353 2187 incorruptumque,
2394 2046 2844 2157 habeant
2890 2043 3463 2185 majoribua
3640 2128 3647 2133 ·

153 2184 1254 2295 charasterumformis
1301 2184 1822 2321 excusum3
1903 2188 2081 2326 qui
2104 2269 2133 2313 ,
2175 2218 2359 2324 per
2410 2222 2577 2295 me
2624 2188 2860 2296 licet
2880 2271 2911 2317 ,
2956 2222 3185 2297 mea
3207 2186 3467 2326 'prar-=

8 2336 13 2463 ἔ,
153 2354 600 2453 tereant,
664 2326 1330 2465 temnantqu'e
1364 2406 1397 2452 ,
1435 2352 1744 2466 atque
1786 2325 2068 2445 hunc
2108 2326 2429 2435 solum
2455 2411 2486 2455 ,
2532 2363 2838 2470 quem
2884 2332 3283 2467 pridem
3333 2330 3465 2434 la·
3634 2342 3651 2427 ζ

8 2464 11 2530 ³
157 2472 385 2578 tine.
415 2465 946 2576 redditum
1011 2470 1542 2604 cupivere,
1601 2468 1978 2606 legant.
2090 2466 2799 2610 ‘Cognoscent
2858 2496 3203 2578 autem
3259 2468 3467 2608 alii,

159 2641 322 2718 me
369 2635 798 2746 operam
856 2609 1266 2746 penitus
1321 2639 1540 2714 non
1601 2605 2134 2743 perdidiss‘e
2173 2690 2204 2734 ‚
2284 2612 2461 2749 qui
2518 2635 2682 2718 tot
2751 2627 2915 2718 ‘res
2974 2605 3465 2718 haetenus

165 2751 524 2857 nostris
551 2751 1152 2890 'incognitas
1211 2773 1431 2852 tum
1479 2780 1604 2852 ex
1645 2746 1959 2854 Mss'tis
2075 2747 2577 2889 uibusque
2621 2753 3108 2892 legitimis
3130 2830 3161 2876 ,
3234 2769 3464 2856 tum

163 2894 650 3028 precipue
718 2921 844 2994 ex
888 2890 1254 2994 exteris
1314 2891 1425 2998 in
1467 2885 1662 2996 hae
1703 2890 1885 2993 aevi
1945 2919 2019 2994 o
2099 2888 2559 2998 scuritate
2578 2973 2611 3017 ,
2674 2892 3221 3031 gentisque
3283 2917 3469 2994 no-

159 3033 362 3138 strae
395 3027 1040 3136 incunabulis
1099 3026 1554 3166 profero·
1693 3031 1786 3135 A
1939 3028 2287 3136 oscent
2326 3061 2644 3168 porro
2686 3059 2850 3136 me
2896 3063 3112 3135 non
3162 3030 3470 3166 impa-

169 3195 496 3276 ratum
545 3172 676 3278 ad
717 3169 1221 3280 molimen·
1275 3165 1482 3275 hoc
1523 3199 1755 3290 acce
1833 3171 2051 3295 1ss'e,
2107 3173 2285 3309 qui
2325 3169 2627 3307 (abfit
2662 3164 3206 3306 jastantia)
3248 3180 3470 3286 no'n

175 3309 487 3416 solum
549 3311 1157 3416 domesticos
1202 3321 1636 3438 omnes,
1688 3307 1858 3414 sed
1893 3311 1995 3415 δι
2036 3319 2440 3417 exteros
2462 3318 2511 3438 ,'
2536 3445 2542 3448 η
2570 3317 3093 3450 quotquot
3135 3309 3471 3447 acqui-

173 3481 388 3556 rere
451 3450 1246 3584 lieuit,·solerter
1289 3448 1686 3562 excuffi.
1845 3445 2075 3556 Nec
2140 3477 2485 3559 tamen
2546 3447 2992 3557 diffiteor
3036 3452 3473 3586 plurima

177 3589 508 3708 adhuc
550 3617 772 3698 tum
829 3596 937 3696 in
983 3588 1475 3716 archiviS,
1540 3615 1765 3705 tum
1811 3591 2117 3716 etiam
2178 3594 2287 3698 in
2332 3595 2636 3728 praelo
2683 3593 2941 3698 datis
2985 3592 3295 3698 latere
3360 3587 3470 3692 li-

8 3797 15 3898 5
177 3715 374 3858 bris
409 3811 444 3856 ,
531 3765 748 3870 quae
800 3729 1119 3837 'alteri
1185 3729 1734 3870 aliquando
1798 3729 2389 3868 ampliffima
2468 3733 2749 3872 seges
2822 3729 3175 3836 futura
3234 3727 3468 3832 sunt

8 3921 11 3972 Ι
181 3871 514 3980 nostra
551 3869 1002 4014 augendi
1025 3909 1072 3996 ,·
1111 3881 1291 3978 aut
1331 3873 1638 3977 etiam
1685 3873 2327 3978 emendandi.
2464 3869 2838 4011 Neque
2882 3874 3158 3978 enim
3210 3867 3475 4008 quis-

181 4013 440 4150 piam
503 4043 562 4118 a
602 4045 827 4151 me,
903 4010 1068 4115 seu
1122 4015 1426 4117 etiam
1475 4011 1954 4153 Collegio
2010 4014 2364 4119 nostro
2429 4007 2486 4150 (
2576 4013 2789 4120 uod
2858 4010 3253 4132 nonnisi
3310 4009 3475 4114 de-

183 4181 394 4264 cem
448 4151 832 4274 abhinc
896 4153 1188 4268 annis
1238 4149 1408 4268 sua
1443 4151 1802 4402 eragaf1
1846 4153 2171 4266 sumsit
2232 4155 2525 4270 initia
2679 4179 3083 4312 tantum
3124 4149 3469 4281 Mss‘toq

933 4361 940 4366 ·
1431 4373 1438 4380 -
2250 4373 2269 4384 -
3070 4327 3339 4428 rum,
