3984 5000
1341 391 1348 399 .
1415 313 1738 402 Cnoci
3082 325 3089 345 '

195 330 3069 560 ·i··1--i-·i·-1--i-444·-{vi-4444·-÷·—i-n>-l--}·9-†--{---f··’-}-·i“inivi--i--b--i--i--i--ifi3

771 675 846 706 -.
924 696 932 704 .
1024 615 1154 724 -A
1225 613 1335 724 N
1399 613 1827 724 Nus
1941 617 2222 756 678.

280 801 338 812 ”
443 817 798 909 timores
856 819 1148 938 populi
1179 889 1206 936 ,
1263 820 1578 940 quibus
1612 821 1972 943 publicae
2016 823 2146 913 rei
2185 817 2397 911 salus
2417 797 2471 934 ,⁶
2509 813 3071 938 principisque

332 1039 354 1051 -
510 961 880 1076 dignitas
964 962 1558 1078 incumbebat,
1667 991 1863 1056 cum
1924 965 2016 1054 in
2073 983 2307 1060 tauta
2366 960 2757 1054 vicorum
2827 961 3073 1080 copia

515 1130 682 1194 nec
743 1103 1310 1199 munitionem
1375 1106 1783 1198 haberent
1844 1105 2100 1196 ullam
2128 1172 2155 1223 ‚
2233 1128 2393 1224 qua
2462 1099 2550 1194 se
2609 1119 2899 1194 contra
2964 1101 3071 1196 ir

207 1243 638 1365 ruptiones
689 1245 1048 1336 hostium
1099 1242 1712 1362 defenderent,
1799 1247 1890 1339 &
1961 1247 2433 1387 principem
2500 1241 2739 1336 suum
2804 1244 3071 1336 humi·

197 1389 364 1478 lius
387 1455 416 1502 ‚
489 1411 743 1506 quam
788 1412 948 1503 pro
1011 1413 1256 1478 more
1321 1387 1662 1478 aliarum
1719 1389 2109 1503 gentium
2170 1388 2569 1478 habitare
2613 1411 2837 1502 aegre
2903 1383 3067 1480 fer-

195 1547 444 1620 rent:
491 1525 810 1618 coacto
835 1527 939 1618 ad
979 1527 1612 1622 Cztinovefium
1658 1527 1948 1622 senatu
1979 1557 2139 1650 per
2184 1527 2746 1642 Stavbogium
2792 1520 3067 1623 Lefis

191 1671 308 1764 hi
349 1669 628 1762 filium
665 1669 1026 1788 principi
1071 1670 1338 1762 multa
1375 1671 1947 1788 impendentia
1978 1671 2317 1790 praedici
2336 1739 2363 1786 ,
2432 1689 2619 1761 tum
2655 1666 3066 1762 sermonis

191 1811 628 1935 postremo
649 1832 658 1859 ²
679 1808 894 1902 loco·
947 1812 1417 1902 renunciari
1463 1809 1917 1928 jufl'erunt:
2006 1809 2436 1906 Primores
2457 1879 2487 1928 ‚
2546 1837 3061 1932 omnemque

193 1953 889 2068 multitudinem,
937 1977 1132 2042 cum
1174 1953 1396 2044 bona
1435 1953 1690 2044 Croci
1735 1955 2039 2072 venia,
2081 1955 2435 2048 decreto
2479 1947 2881 2068 famame,
2920 1953 3063 2044 de·

189 2095 408 2188 bere
477 2095 696 2212 erigi
737 2095 1353 2210 munitionem,
1422 2096 1890 2215 urbemque
1963 2123 2163 2187 cum
2229 2123 2421 2187 arce
2488 2093 2809 2185 idoneo
2864 2095 3062 2184 loco

189 2235 526 2356 imponi
543 2295 576 2352 ,
623 2231 710 2324 (ὃ
665 2224 744 2328 ⁸)
813 2261 974 2356 qua
1003 2236 1092 2328 81
1127 2231 1530 2356 Princeps
1574 2237 1944 2330 habitare
1957 2239 2469 2360 augustiuS,
2518 2233 2609 2328 ὅτ
2645 2235 2792 2354 ipfi
2834 2259 3097 2376 com-⁴,

189 2404 482 2474 meare
539 2395 796 2491 tuto,
873 2375 1132 2497 seque
1197 2375 1591 2470 adversus
1653 2345 2158 2473 incursiones
2222 2381 2581 2470 hostium
2660 2403 2906 2469 muro
2964 2405 3068 2470 ac

189 2445 889 2641 propugnaculis
897 2518 1361 2613 defendere
1421 2518 1776 2638 poss'ent.
1996 2518 2158 2615 Ad
2216 2550 2314 2614 ea
2356 2522 2685 2612 Crocus
2727 2520 3067 2638 paucis.

193 2730 260 2779 ,‚
302 2662 406 2753 Si
449 2664 570 2755 im
607 2662 952 2781 quidem
987 2659 1601 2778 decrevissent,
1680 2684 2135 2780 pergerent
2180 2664 2465 2757 omine
2520 2658 2889 2755 secundo
2948 2658 3067 2753 fa·

189 2872 254 2921 „
299 2830 510 2897 cere
529 2873 560 2919 ‚
617 2804 850 2921 quod
883 2804 1072 2920 ipfis
1099 2873 1126 2921 ,
1189 2805 1506 2924 fibique
1547 2806 1772 2897 bene
1819 2824 2235 2925 ⁴verteret.
2275 2875 2335 2924 ,‚
2542 2800 3079 2920 Delegerant

181 2946 358 3064 jan
393 2964 602 3037 ante
622 3014 652 3059 ‚
699 2942 1458 3065 descripserantque
1503 2946 1956 3038 munitioni
2002 2949 2454 3042 editiorem
2486 2930 2824 3061 locu-1113
2868 2970 3073 3039 eum

192 3074 816 3206 ergopopulus
865 3113 984 3177 ex
1033 3088 1540 3208 optimatum
1595 3090 1713 3180 im
1719 3087 1957 3207 perio
2000 3090 2328 3183 munire
2368 3086 2837 3208 aggrefl'uS,
2904 3084 3071 3178 fos·
3212 3090 3219 3097 '

185 3227 343 3325 fas
373 3228 614 3319 illico
679 3252 1032 3344 egerere
1054 3298 1081 3345 ,
1161 3230 1480 3323 vallum
1531 3230 1873 3347 jacere,
1957 3250 2233 3323 turres
2298 3234 2389 3325 ὃς
2452 3228 3073 3353 propugnacula

223 3368 586 3491 desuper
637 3369 916 3461 locare
963 3372 1276 3503 coepit·
1253 3438 1278 3485 ,
1335 3374 1484 3465 ubi
1528 3374 1908 3466 exterior
1966 3373 2329 3467 munitio
2371 3368 2875 3493 process'erat
2892 3434 2920 3487 ,
2962 3366 3071 3461 ad

195 3514 602 3611 interiora
661 3512 935 3627 vetii,
1017 3541 1300 3607 arcem
1363 3516 1729 3635 primum
1800 3516 2091 3630 ligneo
2154 3516 2503 3635 quidem
2570 3536 2891 3633 opere,
2944 3496 3071 3599 (b)

195 3674 288 3750 at
323 3656 578 3749 firmo
621 3653 716 3747 δι
755 3653 1202 3775 duratum,
1248 3658 1561 3750 eodem
1606 3656 2103 3749 munitionis
2147 3684 2463 3774 genere
2498 3655 3071 3819 complestun·

191 3818 398 3913 tul-3
489 3794 806 3892 deinde
869 3792 1018 3885 fibi
1075 3796 1424 3919 quisque
1501 3828 1618 3893 ex
1675 3800 2123 3891 ramalibus
2198 3820 2465 3923 temp
2470 3800 2742 3893 »rarias
2812 3798 3069 3915 πόθε,

179 3968 395 4061 quas
433 3936 718 4049 Budas
763 3936 1114 4057 dixere,
1175 3943 1510 4058 erigunt
1534 4012 1562 4061 ,
1653 3944 1758 4035 ab
1803 3940 1973 4034 iuis
2014 3938 2278 4035 Budis
2324 3938 2809 4041 universum
2854 3967 3069 4062 opus
3181 3968 3443 4041 Mae
3420 3998 3523 4047 m

187 4076 664 4181 Budecinm
701 4098 1050 4175 vocant
1096 4068 1194 4173 (τ)
3094 4060 3232 4127 ”⁶⁸
3204 4083 3355 4129 ’Μ’
3320 4062 3521 4131 ''³⁸⁰‘'

1575 4310 1684 4455 ‘L
1735 4332 1791 4422 α..
2090 4418 2101 4447 3
2358 4440 2365 4451 ¹
2455 4416 2479 4429 ·
2706 4315 2937 4423 ΑΝ.
