3984 5000
921 358 1078 434 210·
1951 383 1960 392 ·
2038 341 2381 424 ANNUS
2456 348 2635 440 736.

923 586 980 639 „
1051 511 1620 632 virtutisque!
1691 509 2169 600 intellexitt
2236 505 2443 597 nihil
2482 505 2746 619 magis
2804 493 3037 596 cordi
3067 503 3231 596 tibi
3278 501 3475 619 effe,
3520 535 3783 626 quam
3864 601 3877 612 ,

923 653 1404 770 „gloriam
1469 651 2117 766 libertatemque
2164 650 2531 738 nostram
2572 713 2605 761 ,
2668 645 2923 763 idque
2954 664 3213 736 unum
3262 647 3777 764 propositum

923 862 983 910 „
1047 788 1214 888 effe
1257 789 1577 884 heroici
1633 789 1888 878 animi
1949 787 2079 881 tui
2124 853 2153 904 ‚
2226 803 2328 876 ut
2390 783 2621 875 sceda
2666 781 2805 873 illa
2844 811 3324 904 perrumpas
3388 786 3723 877 vincula
3746 857 3778 906 ,

925 999 983 1048 ,,
1055 930 1374 1048 quibus·
1425 924 1835 1020 summum
1901 925 2125 1015 inter
2186 922 2679 1041 squallorem
2759 922 3238 1038 premimur.
3324 994 3333 1005 .
3392 921 3777 1040 Revoca,

925 1138 984 1187 „
1051 1076 1217 1158 heu
1264 1068 1556 1157 acerba
1623 1066 2029 1176 memoria
2072 1065 2093 1156 2
2165 1064 2257 1152 in
2318 1081 2698 1156 mentem
2728 1060 2867 1174 jus
2935 1059 3345 1154 summum
3410 1064 3775 1158 dominae

926 1273 983 1320 „
1053 1202 1630 1322 Principisque
1719 1203 2009 1294 nostrae
2084 1201 2713 1316 immortalitate
2792 1195 3271 1312 digniffimae
3355 1199 3772 1317 Libum-33

926 1411 984 1458 „
1054 1330 1386 1437 illiusne
1447 1342 1789 1432 arbitrio
1847 1341 2077 1436 stetit
2133 1342 2543 1430 maritum-
2594 1339 2963 1451 deligere
2990 1407 3015 1452 ‚
3090 1341 3236 1459 qui
3280 1341 3365 1432 ei
3402 1341 3719 1456 placuit
3740 1411 3775 1458 ,
3981 1365 3984 1408 ³

925 1549 985 1600 „
1053 1509 1226 1576 non
1267 1481 1414 1598 qui
1454 1507 1639 1574 eam
1691 1479 1838 1570 fibi
1883 1478 2327 1594 conjugem
2380 1478 2779 1595 cupivere
2818 1464 2868 1567 θ’
2930 1479 3161 1595 atqui
3210 1476 3583 1569 universa
3636 1507 3770 1570 re-

835 1633 842 1640 ’
926 1665 994 1732 ,,·
1066 1621 1208 1732 gio
1275 1615 1752 1735 Principem
1840 1620 2190 1732 agnovit
2240 1685 2266 1731 ‚
2341 1643 2594 1734 quem
2649 1643 2753 1711 ea
2819 1617 3209 1708 maritum
3278 1618 3769 1730 designavit.

929 1825 985 1872 „
1059 1755 1273 1851 Haec
1319 1755 1751 1849 felicitatis
1797 1756 2228 1848 muliebris
2292 1755 2498 1847 halis
2546 1827 2573 1870 ,
2634 1763 2811 1847 haec
2857 1753 3197 1850 summa.
3336 1751 3572 1846 Hinc
3629 1755 3771 1848 sua

931 1963 987 2011 „
1055 1885 1417 1989 Libuss'ae
1459 1897 1907 1989 authoritas
1959 1964 1986 2008 ,
2060 1892 2200 1990 sua
2242 1896 2501 2011 prima
2544 1895 2885 1984 libertas
2924 1963 2951 2007 ,
3024 1892 3451 2010 gloriaque
3490 1897 3775 2011 persti-

933 2101 988 2150 „
1061 2035 1174 2130 tit
1237 2035 1496 2124 etiam
1563 2034 2072 2124 matrimonii
2130 2033 2488 2124 vinculis
2564 2033 2894 2144 illigatae
2936 2099 2965 2146 ,
3048 2033 3413 2148 peritura
3474 2036 3773 2151 procul

933 2196 989 2286 ,·,
1061 2173 1316 2259 du'bio
1357 2242 1388 2290 n,
1457 2173 1516 2260 fi
1567 2172 1896 2287 nuptias
1961 2168 2141 2261 suas
2206 2201 2253 2260 a
2316 2172 2689 2267 virorum
2716 2169 3121 2288 quopiam
3162 2167 3505 2286 exposci
3552 2169 3775 2262 susti-

930 2314 994 2422 ,’,
1065 2306 1392 2404 nuiffet.
1533 2305 1676 2405 At
1742 2307 1946 2422 jam·
1969 2305 2560 2424 Przemyslum
2616 2308 2868 2421 genio
2934 2309 3213 2421 illius3
3280 2307 3531 2402 ductu
3569 2379 3602 2427 ,
3670 2341 3773 2410 ac

934 2514 990 2561 ‚‚
1075 2431 1412 2569 confilio
1453 2447 1752 2543 vivere
1799 2447 2199 2565 oportuit.
2338 2445 2560 2539 Istud
2588 2445 2997 2539 summum
3024 2447 3189 2561 ju3,
3230 2449 3768 2573 praecipuum·

936 2624 998 2701 „·
1064 2614 1228 2703 que
1271 2587 1700 2681 muliebris
1742 2584 1990 2681 sexus
2032 2588 2289 2676 decus
2312 2656 2355 2707 ,
2423 2588 2485 2676 fi
2524 2590 2886 2679 nostruin
2954 2586 3331 2675 omnium
3376 2584 3769 2702 sanguine
3846 2590 3859 2601 ’

825 2794 832 2801 .
936 2749 993 2841 ,·,
1067 2726 1650 2821 redimendum
1690 2726 1868 2841 fit,
1939 2727 2283 2815 interire
2326 2726 2500 2842 pati
2542 2726 2788 2817 nobis
2836 2723 3343 2841 sempiterno
3380 2726 3483 2819 fit
3517 2728 3775 2821 dede-

936 2928 995 2975 „
1067 2864 1272 2957 cori.
1413 2860 1587 2955 Res
1654 2863 1744 2956 in
1805 2864 2179 2978 periculo
2226 2864 2661 2991 vertitur,
2732 2866 3175 2981 omnisque
3224 2890 3457 2953 mora
3514 2894 3773 2957 nocu-

935 3066 1008 3157 ⁹?
1061 3016 1357 3093 mento
1423 3002 1676 3093 rebus
1752 3002 2044 3091 nostris
2118 3004 2297 3113 est3
2364 3002 2899 3119 expetiturus
2949 3004 3241 3121 procul
3298 2996 3551 3093 dubio
3592 3006 3807 3098 die-⁶⁷

936 3140 1220 3255 „bus
1261 3141 1389 3231 his
1419 3134 1961 3254 Przemyslus
2004 3141 2154 3229 fibi
2198 3168 2503 3244 novam
2549 3159 2944 3257 nuptam,
3009 3142 3384 3259 alterque
3418 3144 3525 3232 de
3568 3170 3769 3257 gen-

939 3344 995 3437 ’.'
1054 3294 1161 3373 te
1211 3270 1636 3396 Principis
1719 3276 2294 3394 exposciturus
2362 3280 2675 3393 aliam,
2744 3276 2890 3370 sed
2948 3300 3453 3394 praevertere
3512 3286 3773 3375 confi·

935 3428 994 3566 ἦ,
1043 3416 1273 3510 lium
1326 3433 1730 3533 oportet,
1792 3414 2121 3535 iurique
2161 3444 2313 3534 per
2370 3348 2797 3511 Libuff’am
2834 3420 3189 3514 stabilito
3247 3420 3766 3516 firmamenta

937 3620 996 3667 „
1068 3580 1460 3671 quaerere.
1635 3552 1780 3644 Tu
1841 3556 2097 3669 igitur
2150 3552 2475 3649 Wlasta
2546 3558 2745 3677 (hic
2812 3558 3040 3647 enim
3103 3586 3318 3649 unus
3384 3560 3771 3653 omnium

937 3759 996 3807 ,‚
1077 3720 1357 3785 coram
1399 3688 1938 3788 adfidentium
2009 3692 2286 3787 sensus
2345 3688 2524 3805 est)
2596 3695 3107 3809 legationem
3168 3700 3271 3791 ad
3320 3694 3624 3792 Przem
3622 3730 3769 3816 ys

937 3894 996 3942 „
1073 3832 1249 3923 lum
1291 3832 1704 3946 decerne,
1771 3835 2113 3925 alteram
2158 3860 2321 3947 ego
2378 3837 2483 3925 ad
2522 3832 3223 3951 Hynchwogium
3272 3839 3771 3955 decemam;

831 4046 840 4055 .
934 4032 994 4083 ,‚
1066 3969 1509 4083 legationis
1589 3992 2167 4083 argumentum
2230 3975 2471 4063 esto:
2546 3990 2638 4062 te
2720 3968 3271 4092 Przemysli,
3338 4004 3487 4069 me
3552 3960 3811 4073 vero*

931 4172 990 4221 „
1064 4099 1159 4195 H
1156 4108 1657 4223 ynchwogu
1695 4112 2023 4231 nuptias
2068 4100 2574 4232 exposcere
2644 4111 2762 4205 it'a
2806 4113 3293 4233 decretum,
3361 4114 3775 4243 sanatura

3326 4320 3387 4369 υ
3450 4280 3615 4369 que
