3984 5000
857 285 1014 346 222
1416 271 1444 291 ²
1996 263 2333 338 Annus
2392 279 2575 358 739.-

861 415 1748 520 callidiffimo'confilio
1791 415 2215 510 fraudibus
2254 419 2517 530 magis
2546 487 2573 530 ,
2642 407 2885 536 quam
2932 437 3215 536 aperta
3246 411 3365 511 vi
3434 422 3525 509 in
3564 424 3713 512 vi·

859 568 1016 658 rile
1057 591 1374 656 nomen
1435 557 1758 674 graffari
1825 560 2117 675 coepit.
2328 553 2613 646 Primo
2682 555 3213 670 gratiffimum
3270 555 3713 677 'quemque

858 691 1112 795 uxori
1153 704 1540 792 maritum
1563 767 1590 811 ,
1627 699 1813 788 data
1848 699 2043 810 fide,
2078 698 2167 786 in
2198 721 2475 783 arcem
2515 692 2872 786 DieWin
2908 698 3367 808 evocabat,
3408 725 3705 788 onera·

859 859 1212 958 tumque
1259 838 1524 952 epulis
1572 858 1819 953 atque
1880 835 2301 924 illecebris
2376 827 2693 922 tan'idiu
2742 834 3177 922 distinebat
3196 903 3223 946 ‚
3269 835 3467 927 dum
3512 834 3705 925 sub-

855 977 1111 1072 miffae
1154 977 1604 1093 puellarum
1647 971 2148 1088 nequiflimae
2213 971 2653 1084 conjugem
2704 967 3297 1085 suspicionibus
3362 973 3697 1087 impless

855 1115 1067 1210 sent.
1164 1111 1608 1206 Luxuriari
1643 1113 1732 1200 in
1785 1138 1972 1201 arce
2036 1111 2482 1218 maritum,
2549 1106 2968 1224 novasque
3028 1111 3355 1224 nuptias
3396 1114 3697 1202 uxoris

855 1256 1085 1343 caede
1138 1249 1575 1368 pignorari.
1719 1226 2347 1364 Praeoccuparet
2385 1243 2551 1361 ipsa
2592 1246 3015 1362 perfidiam
3039 1315 3066 1360 ,
3118 1245 3695 1368 praefectoque

855 1385 1201 1504 conjugi
1233 1386 1521 1500 jugulo
1575 1385 1678 1474 ad
1723 1383 2131 1475 Wlastam
2174 1384 2691 1474 convolaret.
2898 1383 3035 1474 Eo
3094 1383 3679 1476 nocentiffimo

855 1528 1294 1618 mendacio
1334 1524 1702 1640 optimus
1751 1521 2094 1640 quisque
2128 1524 2417 1613 uxoris
2461 1523 2839 1609 manibus
2878 1525 3156 1638 periit.
3308 1520 3685 1614 Deinde

853 1665 982 1754 hi's
1037 1665 1385 1754 Wlastae
1435 1659 1855 1750 fraudibus
1909 1662 2317 1774 juventus'
2370 1657 2823 1776 praesertim
2888 1680 2980 1750 ut
3038 1661 3446 1749 incautior
3468 1732 3497 1776 ‚
3568 1663 3691 1752 ita

854 1805 959 1892 ad
991 1812 1165 1891 haec
1217 1802 1390 1891 tela
1422 1802 1782 1915 apertior
1828 1800 2299 1918 petebatur.
2492 1793 2924 1918 Veniebat
2987 1799 3077 1888 in
3148 1826 3425 1888 arcem
3472 1801 3695 1917 quali

853 1969 1010 2060 per
1058 1940 1425 2029 inducias
1447 1936 1854 2050 juvenum
1893 1925 1997 2042 (θ)
2104 1964 2279 2024 non
2325 1962 2576 2034 nemo
2602 2004 2629 2050 ‚
2698 1937 2846 2024 ubi
2890 1939 3089 2026 dum
3126 1938 3499 2054 cupediis
3542 1966 3693 2052 gu·

857 2081 1024 2168 lam
1067 2094 1473 2192 provocat
1497 2142 1524 2188 ‚
1593 2071 1884 2164 senfim
1921 2074 2218 2188 puellae
2258 2070 2347 2163 se
2393 2070 2856 2165 subducunt
2880 2143 2907 2186 ‚
2976 2077 3452 2166 venustiore
3496 2105 3689 2193 qua·

857 2217 1080 2332 piam
1107 2281 1133 2326 ‚
1206 2238 1468 2328 eaque
1543 2213 1964 2300 callidiore
2030 2219 2220 2299 cu'm
2292 2207 2819 2332 adolescente
2878 2213 3189 2303 relicta.
3242 2199 3347 2297 (b)
3562 2210 3691 2304 Ea

846 2348 1256 2466 juvenem
1345 2349 1559 2466 quafi
1652 2347 1818 2436 fine
1903 2348 2232 2437 arbitris
2312 2347 2543 2438 nacta
2564 2416 2625 2462 ,.
2692 2377 2923 2439 orare
2962 2419 2989 2464 ,
3083 2353 3687 2468 obtestarique:

855 2554 916 2606 ‚,
967 2485 1517 2579 Misereretur
1555 2484 1676 2575 sui
1723 2482 1974 2603 seque
2020 2515 2133 2577 ex
2194 2484 2643 2601 miserrima
2679 2487 2818 2605 illa
2864 2485 3209 2581 Wlastae
3242 2491 3679 2583 servitute

853 2693 913 2746 ‚,
961 2628 1326 2743 eriperet
1351 2624 1400 2740 ‚'
1447 2628 1535 2714 in
1578 2652 1824 2741 quam
1867 2652 2017 2739 per
2085 2626 2727 2740 imprudentiam
2801 2625 3236 2729 incidisset.
3446 2626 3685 2719 Nihil

851 2829 913 2881 „
959 2768 1109 2853 fibi
1143 2759 1318 2851 tam
1357 2764 1654 2851 acerbe
1702 2762 1989 2851 dolete
2014 2830 2041 2875 ,
2120 2790 2363 2877 quam
2433 2766 2656 2879 quod
2741 2766 3012 2855 invita
3071 2767 3443 2856 virorum
3508 2762 3683 2857 effe

851 2964 911 3018 „
955 2899 1202 2988 hostis
1273 2918 1715 3011 cogeretur
1737 2967 1764 3011 ,
1843 2899 1932 2987 Sc
1993 2925 2407 2988 armorum
2460 2898 3039 2993 tractationem
3061 2973 3088 3017 ,
3148 2905 3408 3017 jurgia
3434 2973 3461 3017 ,
3532 2932 3730 2994 cae·.

851 3104 911 3155 „
959 3033 1265 3153 desque
1315 3036 1464 3124 fibi
1505 3055 1783 3125 morte
1836 3030 2003 3150 ipsa
2052 3037 2472 3133 acerbiora
2516 3034 2711 3129 effe.
2748 3108 2805 3151 ‚‚
2946 3038 3403 3141 Quaerente
3458 3044 3671 3132 libe.

845 3174 1192 3267 rationis
1237 3174 1580 3262 modum
1622 3174 1837 3263 male
1900 3192 2146 3264 cauto
2194 3174 2551 3286 juvene:
2626 3244 2685 3289 ‚‚
2720 3195 2971 3293 atque
3026 3206 3235 3273 ecce
3272 3182 3432 3269 tibi
3456 3248 3485 3293 ,
3552 3182 3677 3271 in·

765 3340 772 3347 ·
844 3378 908 3431 „
953 3313 1137 3429 quit
1184 3312 1350 3424 illa,
1412 3310 1815 3423 juvenum
1865 3311 2217 3425 optime,
2269 3329 2441 3401 non
2486 3314 2748 3402 abibit
2793 3316 2984 3405 hinc
3027 3320 3391 3407 triduum
3420 3387 3447 3429 ,
3490 3344 3683 3407 cum

847 3516 907 3566 ‚,
956 3476 1070 3561 ex
1109 3446 1457 3538 Wlastae
1501 3450 1852 3563 imperio
1902 3457 2063 3537 hoc
2097 3452 2486 3565 proximo
2538 3444 2884 3542 neniore
2922 3482 3113 3543 cum
3159 3475 3512 3573 quatuor
3544 3485 3683 3545 co·

847 3654 905 3703 „
955 3584 1300 3678 mitibus
1347 3588 1510 3675 iter
1554 3584 1862 3675 factura
1896 3583 2101 3678 sum.
2286 3584 2431 3678 Tu
2478 3590 2538 3678 fi
2582 3591 2807 3681 viam
2844 3620 3037 3680 cum
3082 3595 3477 3711 equitum·
3504 3596 3683 3704 glo-

845 3786 906 3837 „
958 3726 1076 3813 bo
1141 3722 1560 3813 obsederis
1589 3790 1616 3835 ,
1687 3742 1938 3839 atque
2004 3725 2095 3847 in
2156 3752 2313 3817 nos
2364 3726 2817 3827 subeuntes
2874 3755 2927 3819 e
2986 3727 3409 3847 superiore
3478 3732 3677 3822 loco

846 3925 905 3975 „
954 3857 1264 3959 feceris
1299 3862 1706 3978 impetum
1731 3928 1758 3974 ‚
1827 3881 2012 3951 tum
2084 3864 2489 3954 videlicet
2552 3867 3062 3959 restitantem
3130 3897 3271 3963 me
3294 3938 3323 3985 ‚
3400 3896 3679 3987 neque

841 4062 905 4121 ,‚
951 3991 1519 4091 defensionem
1545 4016 1976 4146 parantem
2017 3996 2266 4095 facile
2318 4024 2626 4123 nempe
2666 4027 3075 4125 rapturus·
3117 4076 3178 4127 ‚‚
3334 4002 3527 4235 mli?
3562 4006 3685 4099 di·
