3984 5000
1199 329 1763 409 Ram-:ufsni
1846 351 1996 431 1¹7.-
2785 351 2948 437 119

196 498 267 589 al
292 492 708 613 commode
742 488 1273 608 feliciterque
1316 490 1779 587 vivendum
1838 488 2174 608 copiose
2237 486 2713 587 infermitum
2777 504 2920 592 est.

193 636 438 729 Wlasta
474 655 571 724 ut
614 660 785 721 non
822 630 1097 718 minus
1160 620 1681 719 liberalitatis
1704 699 1731 743 ,
1803 658 2048 747 quam
2114 636 2432 723 heroici
2489 634 2614 723 sui
2673 639 2926 725 animi
3018 660 3392 754 anapuet.

181 796 358 865 certa
382 774 783 890 praeberet
816 786 1293 881 argumenta
1319 836 1346 880 ,
1404 768 1841 880 magnifice
1898 770 2150 885 epulo
2208 772 2596 862 instructo
2638 776 2924 865 convi-
2945 744 3102 903 ἵζ’
3135 753 3235 815 ‘¹⁸‘
3267 776 3394 840 ‘lm‘

84 927 86 946 ἶ
180 942 297 1005 vas
326 938 599 1001 omnes
645 908 1013 1019 virgines
1062 903 1229 995 effe
1262 903 1511 1018 juffit.
1588 902 1909 997 Menfis
1949 911 2301 997 remotis
2328 978 2355 1022 ,
2399 914 2923 1029 posteaquam

179 1048 395 1140 socias
436 1046 697 1141 mulso
758 1042 1173 1134 incaluiss'e
1227 1041 1471 1135 senfit
1494 1112 1535 1156 ,,
1605 1062 1791 1133 tum
1846 1047 2076 1135 enim
2141 1074 2350 1137 vero
2413 1050 2922 1161 arrogantius

174 1189 553 1305 praedicare
582 1187 951 1277 virtutes
1004 1180 1183 1271 suas
1208 1250 1235 1294 ,
1274 1202 1563 1299 aperte
1598 1182 1881 1273 dicere
1942 1252 2002 1298 ‚,
2025 1212 2390 1303 quaequae
2428 1187 2517 1275 in
2557 1185 2924 1303 Libufl'a‚

174 1394 225 1441 „
263 1354 579 1443 quaequae
615 1326 705 1413 in
740 1319 987 1409 Kass'a.
1012 1322 1100 1411 &
1142 1317 1422 1411 Tetka
1458 1340 1679 1412 artes
1718 1318 2042 1437 sparfim
2104 1320 2440 1413 fuiss'ent
2463 1392 2490 1437 ,
2587 1354 2730 1437 eas
2776 1327 2928 1415 fibi

82 1571 84 1576 ‚
170 1532 215 1577 „
253 1466 371 1553 uni
407 1462 819 1553 cumulate
860 1456 1114 1547 ineffe
1136 1528 1163 1573 ‚
1228 1458 1376 1547 fibi
1398 1462 1553 1547 uni
1594 1458 1739 1549 seu
1798 1461 2211 1575 montium
2237 1530 2264 1575 ,
2323 1459 2468 1550 seu
2509 1490 2924 1581 aquarum,

170 1668 223 1714 ‚,
254 1599 372 1691 seu
392 1626 824 1692 nemorum
880 1592 1119 1686 Deos
1165 1595 1685 1687 obedientes‘
1708 1594 1880 1685 effe
1903 1666 1930 1710 ,
1991 1595 2128 1685 sua
2173 1599 2584 1715 colloquia
2613 1668 2638 1713 ‚
2704 1598 2926 1691 suos·

168 1805 215 1852 ,‚
252 1767 389 1857 que
419 1739 867 1835 familiares
910 1731 1382 1850 congress’us
1428 1736 1529 1823 ab
1597 1736 1975 1824 locorum
2013 1736 2282 1847 geniis
2354 1716 2684 1852 appeti,
2759 1725 2938 1825 ma?

168 1944 215 1990 „
244 1879 513 1997 gaique
558 1877 775 1967 fieri.
972 1867 1093 1962 Et
1138 1898 1637 1989 quemquam
1680 1874 2154 1963 mortalium
2199 1868 2368 1962 effe
2393 1942 2420 1986 ,
2489 1876 2632 1990 qui
2669 1892 2924 1964 tantae

166 2078 217 2127 „
246 2016 505 2107 virtuti
548 2014 700 2104 vel
740 2010 1097 2101 reflstere
1142 2011 1486 2124 audeat,
1527 2012 1673 2100 vel
1718 2008 2008 2123 subjici
2051 2038 2222 2100 non
2267 2012 2617 2123 gestiat?
2657 2080 2712 2125 „
2777 2040 2923 2127 po-

166 2154 419 2241 stremo
452 2175 547 2244 ut
572 2150 911 2240 dicendi
955 2150 1207 2237 finem
1260 2146 1479 2236 fecit·
1497 2216 1524 2262 ‚
1568 2149 1877 2237 Circaea
1920 2151 2214 2263 pocula
2254 2148 2772 2237 circumferri
2799 2148 2924 2258 ju⁴

162 2284 327 2399 bet3
384 2316 635 2409 eaque
674 2288 1023 2403 potione
1068 2284 1591 2375 inflammatae
1650 2283 2040 2375 femineae
2115 2288 2380 2375 turbae
2421 2287 2509 2375 in
2553 2288 2927 2377 barbato·

156 2449 309 2516 rum
348 2430 543 2548 (quo
605 2424 949 2518 nomine
1011 2424 1247 2515 viros
1326 2416 1878 2542 appellabant)
1938 2425 2297 2546 exitium
2360 2424 2647 2517 ardent
2671 2494 2698 2538 ‚
2753 2452 2928 2516 non

152 2559 359 2654 secus
400 2597 487 2656 ac
514 2567 1008 2657 truculentae
1096 2564 1465 2678 quaedam
1514 2563 1857 2675 tigrides
1898 2560 2064 2652 suis
2105 2559 2409 2654 emiss'ae
2453 2564 2733 2654 caveis
2774 2569 2927 2678 p'er
2999 2663 3006 2670 ,

138 2705 474 2818 compita
532 2706 824 2794 volant
846 2771 875 2815 ‚
952 2700 1351 2818 quidquid
1418 2701 1682 2788 virilis
1744 2699 1992 2789 sexus
2063 2701 2404 2792 obviam
2457 2697 2924 2812 offendunt,

134 2839 471 2934 sternunt
490 2911 519 2958 ‚
566 2839 1044 2957 summaque
1092 2838 1465 2970 barbarie
1508 2839 1948 2970 trucidant.

382 3113 505 3211 Et
535 3117 718 3232 jam
752 3116 995 3205 latius
1035 3081 1418 3229 ser-fiebat⁴
1449 3112 1787 3224 malum,
1826 3137 2072 3229 quam
2113 3113 2344 3229 quod
2385 3106 2926 3224 Przemyslus
3039 3125 3356 3234 1³13me

122 3253 257 3344 vel
296 3259 611 3348 tacitus
662 3251 1145 3349 diffimulare
1176 3319 1203 3365 ‚
1272 3251 1418 3340 vel
1478 3247 1647 3339 sola
1690 3249 2185 3339 auctoritate
2239 3247 2720 3365 propulsare.
2748 3215 3240 3366 pos-sm‘jm

110 3389 253 3484 set.
444 3389 847 3482 Acceffit
890 3391 993 3478 ad
1032 3416 1170 3477 eas
1206 3415 1439 3477 curas
1486 3389 1715 3476 triste
1746 3383 2244 3475 insomnium
2289 3382 2654 3501 Principi
2701 3385 2926 3472 obla·

82 3549 297 3633 ftum.
393 3527 669 3624 Vidit
706 3557 857 3646 per
889 3528 1267 3646 quietem
1304 3527 1751 3615 adstantem
1784 3523 2008 3614 1ea0
2075 3553 2190 3614 ex
2254 3523 2696 3637 conjuratis
2757 3521 2924 3612 illis

82 3673 569 3790 quampiam
598 3737 627 3780 ,
691 3686 1057 3783 pateram
1097 3657 1451 3754 humano
1489 3663 1821 3779 plenam
1864 3661 2252 3776 sanguiue
2313 3662 2461 3750 fibi
2497 3659 2926 3778 propinan-

98 3821 271 3896 tem
290 3877 319 3920 ‚
350 3837 457 3897 ac
492 3809 809 3897 bibere
840 3804 1304 3914 jubentem.
1490 3797 1657 3890 His
1688 3802 1979 3918 anxius
2026 3801 2484 3892 terroribus
2525 3795 2926 3915 Princeps
3365 3907 3389 3928 ο

80 3947 611 4038 Γοοιινοετειῑὶς
653 3946 741 4034 in
784 3929 1179 4059 palatium
1220 3939 1700 4054 proceribus
1757 3937 2157 4028 nefariam
2199 3939 2667 4053 ,puellarum
2735 3965 2932 4060 con·
3045 3945 3314 4020 amm

80 4081 611 4221 jurationem
654 4111 749 4174 ac
779 4079 1209 4173 licentiam
1240 4104 1435 4170 cum
1484 4072 1889 4168 insomnio
1928 4074 2076 4170 suo
2117 4078 2444 4194 recitat,
2479 4077 2938 4168 confilium·
2963 4033 3240 4102 ‘mm'

1451 4209 1629 4308 Ee
1700 4239 1761 4310 2
2643 4243 2812 4332 que
