3984 5000
1375 316 1904 398 Pnznmsm
1963 341 2083 419 19·
2934 347 3087 432 227

225 485 476 580 strum
521 479 838 574 crebris
885 479 1284 572 arietibus
1325 461 1800 572 concuffum
1837 483 2265 575 vel'manu
2308 498 2655 602 capere,
2644 552 2648 554 -
2730 489 2877 578 vel
2924 493 3076 580 cir=

219 623 832 718 cumvallatum
878 619 1104 710 fame
1141 619 1244 708 ad
1285 622 1805 712 deditionem
1862 647 2200 736 cogere.
2412 622 2501 713 N
2504 653 2605 716 ec
2654 626 3075 720 dubitavit

213 763 556 856 W'lastn
593 761 880 879 praelio
925 783 1106 848 rem
1173 762 1454 874 potius
1529 762 2120 875 committere,
2194 787 2441 880 quam
2511 762 2601 854 se
2670 763 3069 858 obsessam
3176 773 3535 860 Μεθύων

223 904 536 997 teneri.
749 895 1022 1011 Igitur
1103 901 1432 989 vocatis
1519 901 1624 989 ad
1697 897 2163 1014 suggestum
2214 902 2675 1016 puellarum
2738 909 3069 1021 turmis,
3080 861 3391 1032 {w“
3422 867 3501 933 ’ὀ

225 1109 302 1158 ,,
344 1034 692 1132 Venisse
759 1056 1096 1154 tempus
1152 1037 1320 1147 ait,
1393 1065 1560 1155 quo
1636 1038 2023 1130 barbatos
2086 1039 2279 1131 illos
2340 1042 2673 1158 hircos,
2743 1041 3072 1135 faunos

237 1245 308 1302 „
354 1207 512 1298 que
547 1173 860 1294 pilosos
905 1175 1010 1264 ad
1051 1172 1525 1268 satietatem
1591 1179 2061 1290 caederent3
2132 1179 2532 1270 auderent
2584 1184 2843 1272 1110ᾱο
2892 1185 3073 1288 vim,
3128 1292 3139 1310 ἢ

227 1381 296 1438 ,,
349 1341 544 1408 cere
565 1383 593 1430 ,
703 1340 1185 1431 nomenque
1257 1313 1506 1403 virile
1544 1381 1572 1428 ,
1669 1312 2307 1416 infirmiffimmn
2350 1317 2737 1410 adversus
2799 1319 3073 1416 fortes

215 1520 286 1576 „
331 1459 660 1548 animos
702 1453 974 1545 telum
997 1521 1028 1569 ,
1101 1469 1676 1560 contemnere.
1853 1453 2267 1548 Fortibus
2306 1458 2601 1548 animis
2654 1461 2884 1550 viros
2928 1462 3071 1552 fie-

223 1661 295 1714 „
337 1597 416 1686 ri
457 1619 624 1685 non
655 1591 892 1684 sexu.
1111 1581 1292 1690 Qui
1334 1592 1652 1682 virtute
1677 1660 1703 1706 ,
1793 1595 2213 1714 rebusque
2254 1598 2597 1710 egregie
2634 1600 2883 1711 gestis
2926 1623 3075 1690 εκ*

225 1796 292 1852 „
335 1736 751 1826 cellerent
771 1797 800 1846 ,
872 1755 1028 1820 eos
1063 1729 1404 1819 demum
1467 1731 1697 1820 vitos
1763 1729 1958 1825 ess'e.
2164 1731 2531 1848 Ignavos
2552 1804 2579 1848 ,
2650 1735 3070 1853 secordeS,

229 1937 294 1991 „
341 1871 678 1966 tametsi
749 1855 1298 1960 barbatiflimi'
1337 1864 1602 1958 ess’ent
1645 1936 1672 1982 ,
1758 1868 2083 1988 semper
2154 1869 2245 1962 se
2311 1870 2811 1964 feminarum
2871 1876 3069 1966 loco

227 2077 291 2130 „
338 2007 690 2106 duxifl'e.
871 2003 1384 2097 Occursuros
1418 2007 1760 2125 quidem
1799 2007 1892 2098 in
1928 2011 2107 2099 acie
2153 2009 2511 2126 fratrea,
2582 2010 3070 2104 occursuros

229 2215 300 2268 „
343 2154 434 2242 81
473 2167 756 2268 patres
785 2143 1128 2236 forsitan
1152 2213 1178 2256 ‚
1278 2142 1424 2236 sed
1471 2142 1832 2260 speciosa
1875 2147 2015 2238 ina
2050 2151 2389 2238 nomina
2436 2151 2720 2240 valere
2760 2139 3071 2267 aliquid

230 2351 298 2406 ,‚
341 2292 432 2380 111
473 2287 666 2378 foro
689 2353 718 2400 ,
783 2283 1068 2376 valere
1109 2284 1340 2374 domi
1363 2352 1390 2398 ,
1469 2284 1557 2372 in
1596 2286 1776 2376 acie
1807 2287 2015 2375 nihil
2056 2282 2251 2378 effe.
2388 2357 2399 2364 .
2454 2286 2828 2378 Scirentt
2898 2315 3068 2406 quo

229 2493 288 2547 ,‚
325 2427 790 2545 junetiooes
826 2421 1216 2537 sanguine
1249 2419 1954 2515 obtruncavissent
1970 2481 1999 2539 ,
2040 2443 2279 2517 tanto
2320 2425 2701 2517 illustrius
2742 2425 3101 2545 facinus.
3183 2471 3192 2480 ·

225 2628 290 2685 „
335 2564 952 2681 majoribusque
989 2562 1333 2675 dig-num
1369 2561 1726 2677 praemiis
1765 2558 2119 2653 faa-uras
2146 2632 2173 2678 ‚
2245 2594 2427 2681 quae
2468 2564 2815 2655 salutem
2888 2560 3067 2655 uni·

221 2764 290 2823 »
337 2702 662 2797 verium
699 2700 1130 2793 muliebris
1157 2696 1419 2822 ‚sexus
1459 2700 1808 2815 privatis
1873 2698 2039 2793 suis
2102 2704 2523 2795 amoribus
2564 2694 3065 2795 commodis·

199 2909 288 2961 .„
333 2870 506 2963 que
549 2836 1193 2959 praehabuifl'ent.
1343 2834 1684 2929 Deinde
1721 2839 1830 2929 de
1875 2840 2133 2952 gloria
2154 2900 2183 2953 -‚
2254 2842 2529 2958 deque
2571 2841 3063 2933 dominati&

225 3024 294 3100 ·„
337 3010 452 3074 ne
500 3000 926 3071 certamen
971 2974 1140 3069 efl'e
1157 3044 1185 3091 ,
1257 3004 1441 3094 quae
1485 2976 1650 3067 duo
1687 2978 1868 3075 vita
1907 2976 2077 3094 ipsa
2112 2979 2442 3097 potiora
2472 2980 2829 3095 putanda
2874 2982 3059 3075 fint.

223 3120 516 3238 „Sed
555 3119 823 3212 fatuas
867 3114 1033 3207 effe
1056 3183 1084 3230 ,
1152 3114 1212 3204 fi
1263 3123 1440 3205 haee
1507 3116 1714 3207 citra
1766 3118 2060 3233 capitis
2112 3114 2551 3207 discrimen
2596 3118 3064 3211 obventura

233 3318 302 3377 9,
333 3276 666 3381 putent
833 3252 1234 3369 Mag-nam
1273 3254 1622 3367 gloriam
1640 3312 1669 3367 ,
1743 3282 2123 3369 magnam
2166 3251 2823 3345 dominationem
2857 3284 3066 3353 non·

227 3460 296 3517 ,‚
339 3398 492 3489 nili
531 3418 684 3513 per
721 3394 1060 3487 vulnera
1101 3394 1194 3485 81
1245 3389 1720 3506 sanguinem
1781 3394 2072 3510 quaerit
2140 3390 2681 3510 sequerentur
2719 3414 2923 3509 ergo
2970 3394 3061 3491 se

229 3538 648 3657 „ducem
681 3558 1151 3651 magnoque
1187 3531 1465 3624 animo
1506 3558 1866 3647 pugnam
1899 3528 2461 3649 capefferent,
2492 3520 2581 3623 in
2616 3527 2838 3623 illius
2886 3536 3061 3629 diei

235 3736 300 3793 ,‚
229 3602 698 3768 ”vietoria
757 3668 1186 3763 Bohemiae
1243 3670 1794 3786 principatum
1815 3730 1841 3784 ‚
1911 3670 2575 3761 dominationem
2636 3672 2727 3764 in
2796 3678 3067 3793 vitoe,

240 3876 306 3929 „
349 3809 984 3929 immortaleque
1026 3832 1340 3901 nomen
1379 3808 1620 3898 fitum
1654 3804 1848 3899 effe
2061 3806 2233 3901 Sed
2295 3798 2677 3929 inprimis
2716 3834 3062 3908 veteres

241 4012 306 4069 „
349 3952 522 4043 illas
573 3944 1074 4043 Amazones
1109 3950 1198 4040 &
1231 3960 1513 4039 cetera
1571 3938 2067 4039 immortalia
2116 3938 2509 4043 femineae
2538 3953 2883 4045 virtutis
2926 3958 3069 4049 de-

235 4154 304 4213 „
348 4118 548 4185 cora
581 4110 778 4186 ante
823 4088 1118 4183 oculos
1153 4088 1556 4181 haberent
1579 4152 1606 4198 ‚
1677 4086 2033 4182 monuit.
2246 4069 2847 4185 Penthesileam
2867 4162 2896 4211 ‚
2950 4098 3073 4191 in-
3206 4126 3219 4139 ·

1497 4220 1666 4320 Ff
1727 4254 1786 4322 2
2628 4294 2689 4353 ,‚
2720 4234 2933 4352 quit,
