3984 5000
464 384 472 395 ·
513 340 680 449 dis
717 338 829 446 fit
863 334 1762 477 hodie'ihgenium
1792 419 1823 462 ,
1885 362 2011 484 ut
2046 364 2447 446 narr-ata
2486 336 2954 447 accurate
2994 332 3121 447 ad
3162 360 3627 449 veterum
3674 375 3923 453 co·

377 492 396 517 ·“
515 511 1171 620 avorumque
1207 480 1510 598 fidem
1561 481 2153 620 exigantur,
2253 504 2844 617 repetantur
2906 481 3035 588 ab
3096 480 3913 623 historico-prm,

517 620 1040 746 bationeS,
1112 649 1825 727 contemnatur
1850 703 1881 746 ,
1947 622 2449 759 quidquid
2498 621 2695 726 fine
2759 624 3343 730 vetustioris·
3384 626 3895 733 authori-

517 788 732 880 tate
773 759 1400 905 vprofertum
1511 761 2007 887 severior,
2092 759 2191 865 δι
2254 762 2623 867 nostris
2686 758 3024 868 adhuc
3088 768 3428 869 minus
3484 758 3885 875 usitata

515 900 1024 1033 scribendi
1043 902 1301 1009 ratio
1338 902 1789 1009 ineunda
1838 930 2082 1009 erat.
2164 984 2173 992 .
2218 901 2517 1006 Unde
2562 900 3266 1037 proculdubio
3308 903 3879 1041 profluxit,

514 1042 804 1189 quod
823 1080 836 1093 ··
863 1038 1251 1177 paffim·
1295 1041 1836 1176 superioris
1909 1048 2221 1184 aetatis
2292 1039 2978 1179 Scriptoribus
3046 1040 3427 1148 bellum
3509 1044 3868 1152 fuerit

509 1181 1178 1291 movendum.
1317 1176 1520 1287 Sed
1556 1185 2200 1297 nemini-irim
2237 1180 2580 1289 infero
2604 1262 2637 1308 ‚
2677 1184 3071 1289 nemini
3098 1180 3613 1310 obtrestQ
3654 1218 3869 1291 nea

514 1320 904 1435 minem
942 1323 1562 1450 calumnior,
1653 1326 1820 1428 cui
1895 1356 2026 1432 ue
2079 1324 2370 1430 'suum
2410 1316 2926 1459 pretium,
3018 1322 3291 1429 suam
3339 1326 3867 1449 existima·-

427 1496 443 1507 ·
509 1469 911 1573 tionem
952 1467 1462 1600 integram
1493 1462 1800 1573 infra
1897 1498 2280 1606 amque.
2326 1466 2658 1601 cupio,
2867 1462 3249 1599 Lapsus
3303 1496 3519 1571 non
3587 1496 3857 1571 raro

512 1637 855 1745 purgo
901 1602 1519 1740 excusoque,
1606 1608 1857 1743 quin
1902 1634 2746 1745 unumquemque
2777 1605 3366 1708 nostrorum
3416 1605 3581 1709 vel
3620 1604 3855 1711 hoc

513 1745 729 1889 ipso
767 1745 1194 1866 nomine
1267 1746 1658 1877 optime
1721 1747 1850 1850 de
1897 1748 2245 1881 patria
2307 1748 2791 1849 meritum
2851 1743 3271 1867 censeo,
3344 1744 3626 1882 quod
3690 1742 3845 1848 ad

513 1883 1226 2013 elucidandam
1263 1879 1787 1989 historiam
1832 1888 2173 2024 gentis
2222 1882 2581 2023 nostrae-
2635 1913 3057 2017 operam
3120 1882 3391 1988 suam
3467 1912 3851 1988 contu-

510 2028 770 2135 lerit.
973 2020 1194 2129 ‘Nifi
1227 2019 1664 2151 fortaffis
1708 2027 1820 2129 id
1855 2026 2341 2165 quispiam
2382 2025 3215 2129 criminationum
3260 2024 3855 2161 piaculique

179 2292 190 2299 ,
359 2253 364 2259 .
493 2168 750 2279 ,loco
791 2164 1267 2303 deputet,
1361 2194 1598 2270 cum
1638 2196 1816 2271 eos
1854 2166 2219 2272 errass‘e'
2246 2187 2426 2270 aut
2477 2161 2931 2269 fabulam
2968 2159 3536 2291 adstruxisse
3586 2165 3845 2268 dixi.

515 2305 932 2414 Verum.
963 2304 1417 2443 quisquis
1444 2327 1651 2409 tam
1687 2308 2147 2448 maligno
2187 2306 2329 2411 est
2358 2306 2744 2428 anim0‚
2770 2306 3042 2441 legat
3084 2304 3215 2407 ad
3254 2304 3625 2408 calcem
3662 2334 3848 2409 us·
3904 2322 3959 2395 ‘.

515 2478 720 2592 que
757 2474 1174 2584 partum·
1207 2474 1586 2571 meum,
1610 2447 1708 2552 <St
1744 2476 1960 2552 non
2004 2478 2220 2552 uno
2268 2447 2501 2552 loco
2549 2444 3009 2583 inveniet
3040 2438 3239 2548 hoa
3268 2441 3837 2580 'ips08,·cum

510 2621 676 2696 res
701 2584 1338 2725 postulabat,
1417 2615 1482 2692 a
1521 2619 1688 2690 me
1733 2588 2250 2713 laudatos,
2332 2617 2899 2724 eorumque
2938 2581 3230 2689 dictis
3274 2589 3674 2720 plenam
3716 2585 3840 2688 fi-

509 2731 752 2836 dem
795 2728 1318 2840 tributam
1466 2727 1866 2833 Veritas
1907 2731 2227 2868 igitur
2266 2727 2507 2852 sola,
2534 2724 3227 2864 quaehistoriae
3272 2727 3414 2830 est
3454 2720 3840 2848 anima,
3914 2784 3921 2794 ,

519 2871 623 2974 ὅτ
660 2866 1398 3010 Chronosogiae
1439 2870 1702 2974 tatio
1777 2864 2023 3000 (nam
2090 2887 2365 2968 adime
2398 2879 2705 2992 saeculo
2776 2886 3244 2988 computum
3272 2946 3297 2990 ‚
3378 2876 3483 2967 ἔθ’
3544 2882 3836 2972 omnia

519 3051 728 3112 caeca
769 3025 1252 3142 ignorantia
1309 3002 1988 3134 cornpleelu'rztur,
2073 3007 2407 3148 inquit
2441 2996 3059 3144 Rhabanus)
3106 3001 3212 3145 (c)
3327 3037 3519 3111 nos
3564 3001 3835 3108 diffi-

521 3151 880 3256 dentes
909 3147 1225 3276 facit,
1287 3177 1618 3290 quare.
1665 3172 1999 3253 temto
2068 3149 2359 3264 omni
2424 3145 2926 3262 acerbiori
2964 3147 3323 3252 aculeo
3371 3147 3572 3251 fine
3608 3175 3837 3282 per·

523 3291 894 3399 tinacia
943 3321 1169 3400 mea
1212 3315 1567 3422 tueor,
1651 3289 1976 3395 aliena
2017 3318 2248 3394 cum
2299 3288 2797 3393 modestia
2826 3285 3219 3392 refello.
3414 3297 3425 3308 ’
3608 3323 3617 3334 ·
3680 3307 3691 3322 ·

607 3509 613 3516 ,
827 3430 1062 3536 Nec
1104 3428 1554 3557 habent,
1692 3430 1904 3534 uod
1973 3431 2729 3535 tumultuentur
2788 3427 3152 3564 aliqui:
3230 3454 3393 3528 me
3444 3453 3828 3532 novam
3896 3477 3901 3482 ·

483 3563 1040 3678 ‘historiam
1085 3574 1427 3708 patriae
1463 3603 1634 3680 arc
1663 3569 2157 3695 iiteciari,
2218 3602 2387 3675 me
2454 3569 2758 3673 fidem
2826 3567 3293 3677 omnium
3360 3567 3829 3671 veterum

524 3739 1032 3852 evertere,
1079 3716 1430 3822 omnia
1471 3715 1586 3818 in
1621 3711 2051 3817 dubium
2098 3739 2523 3834 vocare,
2554 3729 3225 3843 receptasque
3254 3727 3441 3810 tot·
3471 3702 3841 3808 saeculis·
3920 3705 3927 3710 ’

519 3848 849 3965 theses
895 3853 1410 3964 enervare⁴
1467 3943 1475 3951 .
1547 3853 1836 3994 Qin
1884 3883 2273 3962 eamea
2310 3851 2809 3984 praecipua·
2845 3844 3231 3980 semper
3273 3845 3534 3968 fuit,
3598 3843 3831 3946 erit·

522 4023 723 4132 que
771 4025 1054 4122 cura,
1093 4020 1215 4099 ut
1255 3989 1728 4102 historias
1771 3997 2165 4100 nostras
2202 3984 3297 4113 ad÷vetustiffimorum,
3344 3985 3829 4125 ipsorum·

3076 4157 3093 4164 ·
3492 4151 3691 4263 que

740 4296 852 4438 (c)
899 4337 1235 4446 Rhabanus
1273 4336 1466 4419 Abba:
1498 4334 1672 4414 full.
1707 4331 1862 4411 libro
1911 4353 1942 4410 1
1955 4387 1976 4416 .
2008 4333 2089 4413 de
2118 4339 2411 4437 Computa
2444 4324 2618 4437 opud
2642 4333 2863 4412 Baluz.
2898 4334 2943 4413 1.
2988 4355 3017 4409 1
3031 4389 3052 4410 .
3067 4349 3147 4434 p.
3176 4331 3250 4408 6.
