3984 5000
907 350 1064 434 330
2032 325 2375 402 ANNUS
2452 335 2632 418 785.

1711 471 2957 554 PRAETERMISSA.

1067 651 1250 707 nnus
1301 625 1503 704 xm.
1559 623 1727 703 belli
1781 621 2117 701 Santonici
2134 609 2359 724 ,fquo
2402 645 2571 700 cum
2622 647 2845 722 usque
2906 619 3000 698 ad
3046 621 3295 700 Albim
3346 631 3783 732 progressus

896 641 1062 812 *A
1121 727 1284 806 efflet
1315 727 1616 807 Carolus
1647 727 1764 804 M.
1802 723 1910 802 bis
1951 722 2097 800 caefi
2135 723 2295 802 su’nt
2326 726 2638 800 Saxones
2662 779 2683 812 ,
2736 720 3058 824 primum
3092 726 3183 800 ab
3226 721 3393 821 illo,
3446 728 3623 806 dein
3672 737 3781 812 ab

526 855 802 920 Welestav
827 859 886 914 ir.-
912 831 1068 908 filio
1105 829 1248 924 ejus
1285 827 1564 906 Carolo
1601 823 1855 902 itidem
1889 824 2279 928 appellato·
2414 821 2947 899 Weleslavinus
2978 823 3129 900 hoc
3158 849 3353 903 anno
3404 824 3785 912 civitatem

439 939 668 1005 Gema!-
733 941 881 1000 Duc.
909 931 1226 1008 Launam
1247 983 1270 1019 ‚
1326 953 1480 1026 quae
1522 924 1746 1023 hodie
1781 923 1856 1000 in
1893 946 2079 1028 agro
2110 922 2459 1004 sarecenfi
2486 920 2627 1016 est,
2671 921 3052 1002 conditam
3090 921 3191 1002 ait
3244 951 3287 1004 a
3322 933 3569 1006 Louna
3605 933 3779 1014 filio

434 1021 666 1112 &ss‘r
707 1023 838 1088 301’·
911 1028 1127 1110 Krofi
1141 1027 1170 1123 ,'
1227 1052 1378 1128 quo
1431 1027 1680 1122 fonte,
1729 1024 2028 1128 ignoro-

907 1125 3769 1296 fflfflffiofflffiffi*fflaefflmwwzaeaw

1749 1371 1846 1475 A
1917 1369 2026 1476 N·
2092 1369 2200 1477 N
2268 1369 2367 1474 u
2444 1369 2511 1476 s
2652 1377 2909 1508 785.

910 1647 928 1671 .
1063 1684 1081 1690 -
1131 1598 1356 1665 ame
1405 1579 1570 1664 hoc
1597 1571 1856 1662 modo
1913 1599 2111 1673 cum
2172 1571 2637 1690 pestilentia
2702 1571 2810 1660 de
2890 1545 3321 1661 hominum
3387 1574 3771 1690 pernicie

503 1713 768 1820 Gfgffm‘s
785 1718 886 1802 ⁰ffi²
1245 1714 1758 1806 certantibus
1785 1781 1811 1826 ,
1879 1731 2371 1829 portentum
2413 1711 2636 1801 aliud
2682 1707 3033 1800 Boemia
3078 1711 3323 1814 vidit.
3517 1709 3772 1807 Teti-

441 1821 824 1890 ”p‘mm‘
1105 1853 1114 1860 ’
1231 1857 1362 1946 'nii
1399 1883 1573 1944 non
1597 1833 1852 1943 nemo
1877 1849 2425 1942 subterraneae
2477 1877 2819 1941 concam
2828 1851 3184 1962 erationi
3220 1849 3769 1950 fundamenta

907 1997 1318 2116 aperiens,
1370 1992 1722 2083 obvium
1760 1991 1982 2082 inter
2024 2011 2429 2082 caementa
2471 1991 2757 2081 habuit
2800 2011 2975 2082 tam
3020 1991 3417 2084 inufitatae
3452 1998 3766 2107 magni-

907 2135 1221 2232 tudinis
1274 2143 1721 2223 humanum
1767 2151 2018 2245 caput
2044 2200 2069 2244 ,
2126 2149 2223 2226 ut
2270 2129 2450 2243 ejus
2488 2134 2810 2222 calvam
2858 2133 3021 2221 viri
3062 2129 3227 2220 duo
3280 2159 3496 2246 aegre
3532 2161 3761 2224 com-

906 2273 1166 2393 plesti
1213 2269 1567 2392 pofl'ent.
1729 2265 2123 2362 Vastitati
2168 2270 2462 2387 capitis
2504 2291 2787 2360 cetera
2832 2295 3167 2388 quoque
3208 2275 3579 2388 corporis
3644 2273 3771 2366 os-

899 2412 991 2506 sa
1037 2410 1645 2533 respondebant
1667 2479 1694 2526 ,
1767 2437 2003 2501 crura
2042 2409 2497 2528 praesertim
2540 2411 2851 2527 viginti
2896 2412 3260 2529 quinque
3302 2413 3616 2531 pedum
3672 2416 3765 2509 Sc

893 2554 1334 2645 dodrantis
1360 2624 1385 2669 ,
1476 2550 1620 2642 seu
1675 2551 2159 2641 cubitorum
2194 2546 2747 2664 Pragenfium
2815 2549 3264 2641 duodecim
3323 2554 3411 2643 &
3476 2550 3763 2649 semis'.

885 2694 1355 2785 ,Constabat
1441 2690 1784 2805 alic-ujus
1897 2686 2412 2782 vetustiflimi
2508 2691 2866 2804 gigantis
2972 2692 3322 2783 exuvias
3394 2690 3588 2785 efl'e.
3642 2685 3767 2781 (⁴)

903 2825 1062 2925 ἘΞ
1105 2860 1216 2925 ne
1266 2832 1872 2923 interciderent
1895 2900 1924 2944 ‚
1993 2830 2348 2947 imperio
2387 2825 2799 2949 Principis
2858 2828 3451 2927 Tetinenfibus
3488 2835 3763 2949 portis

895 2970 1184 3062 ”affixae
1202 3041 1228 3086 ‚
1300 2961 1797 3087 aliquamdiu
1841 2968 2247 3058 miraculo
2286 2970 2792 3086 pependere.
2985 2966 3387 3087 Princeps
3422 3002 3771 3093 quoque

907 3114 1160 3202 rebus
1184 3110 1734 3201 ‘continenter
1777 3110 1868 3197 in
1913 3108 2283 3200 deterius
2343 3108 2815 3198 labentibus
2843 3179 2869 3224 ‚
2934 3129 3038 3200 ut
3083 3113 3423 3201 tandem
3476 3112 3768 3205 consu-

911 3252 1130 3341 leret
1157 3320 1182 3365 ,
1257 3246 1743 3363 gravissimis
1788 3246 2091 3338 edictis
2132 3274 2281 3364 per
2322 3275 2621 3340 omnes
2670 3250 3061 3362 regiones
3122 3252 3566 3367 publicatis
3612 3264 3763 3345 ho-

875 3392 1184 3483 'mines
1229 3393 1330 3481 ab
1373 3388 1792 3481 montium
1830 3386 2447 3507 perscutatione
2468 3448 2521 3503 ‚-
2566 3390 2740 3478 auri
2784 3389 3239 3501 argentive
3298 3396 3602 3512 qnaestu
3667 3396 3766 3487 in

909 3557 1294 3646 agrorum
1341 3530 1745 3621 culturam
1769 3528 2247 3646 .compulit;
2272 3548 2597 3642 ,terram
2616 3545 3015 3644 praeterea
3038 3534 3446 3645 pertinaci
3470 3536 3762 3627 labore

905 3670 1163 3786 verti,
1189 3670 1810 3785 sementemque
1851 3668 2410 3759 autumnalem
2438 3668 2617 3757 fieri
2650 3668 3123 3783 imperavit.
3266 3666 3374 3761 Ei
3399 3675 3756 3792 imperio

1051 3805 1245 3902 cum
1267 3836 1565 3904 omnes
1613 3830 2029 3925 promtam
2072 3804 2595 3921 subjecissent
2632 3806 3160 3900 voluntatem
3184 3881 3227 3933 ,-
3249 3812 3621 3931 deplora-

1569 3949 1688 4042 tis
1740 3974 1962 4069 pene
2028 3948 2277 4039 rebus
2365 3942 2791 4041 Bohemiae
2854 3946 3115 4043 saluti

1507 4112 1516 4125 ·
2228 4080 2419 4179 fuit.

3358 4270 3602 4369 AN·
