3984 5000
1121 382 1688 473 anntnu
1763 406 1884 481 19.
2806 403 2949 479 301

183 478 2957 611 m⁹fflm*fflmfflofflfflmssffifflfflss

933 716 1756 871 ANNUS
1845 724 2103 864 764.

466 978 582 1042 uo
623 898 1014 1067 tempore
1061 944 1600 1046 ffilrimenses
1633 908 2149 1043 deducendis
2210 950 2567 1044 coloniis
2628 974 2969 1065 operam

191 946 470 1311 Q
551 1088 854 1179 dabant
870 1154 900 1202 ‚
1005 1076 1309 1177 iisdem
1353 1115 1634 1205 prope
1697 1074 1999 1185 diebus
2059 1086 2461 1183 Lucensrs
2528 1086 2969 1193 Wrss'oye-

293 1294 298 1301 -
546 1228 728 1319 cius·
805 1241 1378 1339 cognomento
1443 1222 1838 1343 Krotbog
1919 1228 2142 1322 filius
2220 1227 2619 1323 Hostislai
2682 1251 3017 1321 rerum
3084 1253 3231 1317 xro
3176 1253 3330 1338 0503
3344 1274 3445 1317 ar.-

108 1406 111 1433 1
189 1366 870 1485 amplificandamm
911 1360 1362 1479 satagebat.
1521 1362 1825 1460 Murus
1863 1360 2173 1461 -Pachta
2218 1370 2607 1483 egregius
2640 1368 2731 1457 id
2778 1382 2967 1461 aeta·
2987 1340 3277 1504 23⁶2?
3276 1342 3437 1423 Ψ

108 1442 113 1635 ι
181 1508 270 1595 tis
325 1500 809 1597 architeaus
876 1528 1072 1594 cum
1137 1500 1566 1595 servorum
1637 1532 1886 1613 manu
1949 1505 2233 1599 locum
2302 1504 2703 1603 idoneum
2773 1532 2967 1595 con·

108 1640 111 1721 !
183 1644 512 1735 struendo
549 1644 810 1741 castro
831 1669 906 1731 e
947 1640 1372 1755 cujusdam
1415 1638 1780 1735 fluminis
1821 1646 1995 1763 ripa
2034 1644 2562 1760 exquifitum.
2775 1639 2971 1737 Per-

183 1808 444 1879 venere
495 1782 622 1877 illi
667 1781 772 1873 ad
812 1774 1170 1894 Egram,
1219 1770 1296 1865 (
1301 1766 1338 1863 )
1449 1798 1974 1903 repertoque
2000 1810 2247 1900 quam
2288 1764 2968 1903 opportuniffimo

105 1920 404 2037 colle
469 1948 682 2011 mox
727 1945 1064 2008 manum
1097 1920 1362 2009 labori
1396 1918 1900 2035 admovere,
1982 1922 2438 2013 excitatam
2483 1941 2669 2011 tum
2712 1946 2973 2011 venu-

105 2058 344 2151 ihm
384 2058 654 2153 fimul
669 2058 756 2150 ὃς
815 2054 1160 2148 solidam
1231 2058 1574 2151 domum
1635 2056 2053 2150 famulitio
2112 2076 2363 2181 atque
2427 2085 2737 2216 pecore
2820 2060 2971 2150 ἰιιι

105 2198 588 2311 plevemnt
609 2264 636 2311 ‚
712 2196 962 2289 fimul-
991 2194 1558 2311 Krotbogium
1621 2196 2023 2315 perfeetis
2090 2198 2342 2289 rebus
2410 2180 2799 2329 omnibns
2868 2195 2973 2287 ad

105 2343 107 2432 J
189 2338 532 2429 colendas
578 2336 796 2426 aedes
831 2363 884 2441 e
914 2358 1130 2451 pago·
1177 2332 1620 2428 Wrfl'oviz
1641 2404 1668 2451 ,
1737 2338 1887 2426 ubi
1951 2360 2147 2426 cum
2205 2354 2441 2453 patre
2513 2322 2970 2441 commora-

185 2472 384 2570 batur
400 2545 426 2592 ,
504 2492 992 2566 evocarunt.
1203 2470 1721 2590 Krotbogius
1773 2476 1952 2592 post
2016 2472 2447 2591 supremos
2509 2476 2763 2592 patris
2806 2500 3003 2564 am··

185 2613 450 2732 plexus
487 2641 690 2704 cum
728 2641 996 2703 uxore
1043 2611 1520 2772 familiaque
1555 2617 1658 2706 ad
1723 2615 2233 2728 defigmtum
2297 2615 2579 2704 locum
2652 2611 2982 2729 profici
3098 2604 3126 2626 “

103 2747 434 2901 scitur.
635 2749 796 2841 In
773 2753 1076 2843 1tinere
1126 2753 1233 2841 de
1273 2753 1618 2842 nomine
1656 2753 2024 2844 recentis
2066 2751 2274 2840 arcis
2310 2750 2804 2868 quaestione,
2878 2765 2982 2844 ut

103 2838 333 3039 ιίιε,
423 2885 732 3004 mota„
839 2888 1288 2983 conversus
1369 2891 1474 2986 ad
1555 2891 1918 2984 comites
1996 2885 2453 3003 Krotbog:
2569 2883 2985 3004 „Potuit

172 3021 800 3146 „Przemyslus
935 3055 1032 3117 ac
1145 3025 1316 3122 Lib
1322 3026 1486 3119 uffa
1530 3097 1558 3143 ,
1683 3029 2028 3152 inquit,
2165 3029 2418 3126 dubio
2553 3023 2985 3142 lignatoris

103 3030 236 3328 ιι,
265 3163 644 3288 responso
733 3167 1372 3284 appellationem
1457 3164 1738 3284 Pragae
1835 3165 2407 3285 permittere,
2511 3195 2655 3256 cur
2756 3163 2988 3254 idem
3030 3243 3053 3266 ,

103 3330 110 3429 ι
179 3371 232 3421 ,,
265 3303 738 3418 Krotbogio
809 3331 980 3395 non
1069 3307 1381 3398 liceat?
1475 3323 1714 3396 certe
1783 3331 2037 3422 quem
2114 3305 2509 3420 primum·
2555 3304 2647 3392 in
2698 3299 2989 3417 ‚portis
3060 3319 3093 3336 ·

103 3442 118 3593 ι
173 3513 226 3564 ,,
263 3473 506 3537 novae
585 3445 792 3532 arcis
861 3431 1460 3554 offenderimus
1505 3445 2023 3534 laborantem
2084 3441 2499 3560 quidpiam
2521 3509 2551 3556 ,
2660 3438 2733 3528 is
2792 3437 2985 3525 loco

167 3647 224 3702 ,,
262 3610 590 3676 nomen
630 3582 885 3673 dabit.
930 3649 986 3696 ,‚
1142 3576 1544 3674 Placuere
1589 3580 1806 3674 dieta
1839 3581 2323 3672 comitibus.
2510 3575 2805 3694 Itaque
2840 3577 2993 3666 stu·

103 3537 300 3877 [hio
337 3738 718 3813 eventus
763 3722 1218 3812 accelerata
1265 3720 1876 3833 ambulatione,
1953 3720 2153 3809 dum
2208 3719 2547 3807 castrum
2606 3715 2993 3830 subeunt,

104 3838 362 3976 [lpfis
407 3863 640 3950 intra
689 3877 970 3974 portas
995 3855 1430 3951 sedentem
1471 3859 1698 3948 humi
1728 3858 2011 3950 virum
2046 3860 2135 3946 in
2178 3825 2623 3972 conspetstu
2656 3841 2999 3972 habent,

106 3986 256 4107 lud
315 4023 598 4119 quem
662 3994 1108 4088 conversus
1169 3996 1744 4123 Krotbogius·
1867 3993 2217 4118 „quid‚
2300 3992 2623 4112 inquit,
2713 4015 2995 4082 rerum

159 4203 218 4261 ,,
259 4143 510 4256 agis,
589 4137 972 4254 optime?
1005 4204 1062 4252 „
1153 4157 1240 4228 at
1281 4137 1474 4230 ine:
1553 4205 1608 4250 „
1639 4138 1932 4254 Postoly
1958 4137 2261 4251 prtugi
2280 4201 2360 4249 ,,,
2474 4127 2618 4224 seu
2670 4141 2995 4258 pr-tam

109 4302 123 4327 ⁸
715 4305 723 4312 ·
1537 4267 1604 4368 P
1644 4303 1701 4392 p
1781 4300 1837 4393 3
2776 4265 2865 4352 in
