3984 5000
946 366 1098 457 562
1799 464 1818 473 -
1974 354 2010 427 Τ
2125 346 2478 435 Annus·
2527 356 2708 449 847.

950 574 1011 643 ,3
1056 520 1711 637 ingentibusque
1778 518 2204 611 advolutis
2267 514 2490 609 saxis
2549 516 2974 607 obstruant
2997 518 3040 606 ?
3113 510 3208 605 St
3257 508 3510 631 quod÷
3571 532 3870 633 caput

950 734 1013 785 „
1056 667 1229 763 est:
1302 656 1803 778 conspexiffi
1842 657 1987 750 me
2040 655 2190 749 sub
2231 654 2492 777 ipsam
2525 652 3010 771 surgentem
3049 680 3430 745 auroram
3471 654 3877 771 presen-

952 876 1015 924 „
1056 826 1243 902 tem
1284 820 1881 922 promtumque
1958 801 2066 891 ad
2133 819 2282 891 tua
2345 793 2800 917 obsequia,
2861 798 3052 917 quis
3091 826 3146 887 a
3197 822 3344 886 me
3397 804 3620 910 haec,
3685 796 3862 887 nifi

956 1016 1017 1065 „
1064 943 1385 1041 somnia
1430 938 1571 1031 sua
1598 960 1885 1035 narret
1910 1010 1939 1055 ,
2009 937 2391 1059 profesta
2431 938 2918 1029 existimet?
2983 962 3244 1054 apage
3279 934 3684 1027 insulsam
3731 936 3873 1027 fi-

956 1156 1017 1205 „
1062 1086 1397 1197 hulam,
1466 1109 1631 1173 nec
1700 1082 2200 1173 calumniam
2255 1076 2456 1171 satis
2509 1079 2895 1194 dignam,
2950 1106 3138 1197 quae
3195 1074 3620 1197 Principis
3673 1080 3856 1171 ani-
3970 1073 3984 1136 -“

960 1294 1023 1345 ‚,
1068 1252 1305 1315 mum
1348 1220 1817 1341 exasperet.
1856 1292 1917 1341 „
2071 1214 2656 1337 ArPrinceps
2677 1290 2706 1335 ,
2741 1220 2974 1338 quod
3003 1216 3478 1310 fodinarum
3503 1218 3853 1333 justum

819 1418 830 1427 -
958 1368 1295 1469 doleret
1328 1368 1519 1483 plus
1566 1390 1809 1481 aequo
1838 1433 1867 1481 ,
1934 1358 2500 1479 Horymirum
2555 1361 2648 1451 in
2679 1361 3016 1453 vincula
3051 1359 3408 1475 conjici,
3445 1358 3842 1452 πῆξαι·

956 1490 1203 1625 rique
1258 1505 1709 1619 diligenter
1756 1506 2006 1620 jubet
2029 1574 2058 1619 ,
2139 1520 2618 1595 convocato
2685 1502 2926 1598 fimul
2983 1528 3430 1622 procerum
3487 1498 3840 1611 senatui

956 1650 1379 1763 gestorum
1444 1642 1751 1737 seriem
1818 1645 2204 1761 exponit.
2437 1640 2654 1735 Haec
2707 1644 2936 1737 inter
3007 1644 3402 1737 advolant
3461 1640 3836 1735 foffores

954 1781 1481 1889 Przibramio
1518 1788 1793 1879 multo
1834 1786 2118 1905 plures
2147 1781 2290 1879 sua
2327 1785 2766 1901 incendia,
2825 1780 3010 1877 suas
3053 1784 3328 1877 caedes
3363 1811 3566 1876 cum
3603 1784 3849 1877 dam-

755 2028 763 2037 ,
956 1929 1175 2042 nofis
1210 1928 1685 2031 fodinarum
1724 1927 2426 2021 obstruetionibus
2461 1926 2866 2021 flebiliter
2909 1946 3578 2043 exaggerantes»,
3641 1922 3845 2017 Ho-

955 2073 1541 2189 tymirumque
1580 2068 1687 2164 ad
1720 2066 2218 2186 supplicium
2275 2064 2892 2186 exposcentes,
2957 2050 3512 2187 producitur
3485 2096 3584 2161 ιιι
3643 2070 3832 2161 vin-

963 2213 1175 2313 culis
1224 2210 1739 2324 Horymirus
1780 2210 1887 2301 ad
1910 2208 2290 2323 judicum
2343 2202 2774 2325 subsellia,
2843 2210 3300 2327 inficiatur,
3357 2236 3534 2301 non
3579 2205 3824 2301 secus

966 2370 1221 2470 atque
1284 2352 1511 2469 prius
1538 2420 1565 2465 ‚
1620 2352 1905 2443 omnia
1920 2419 1949 2464 ‚
2031 2350 2332 2441 eadem
2401 2351 2796 2443 libertate
2865 2352 3338 2470 iisdemque
3398 2350 3826 2467 prioribus

964 2494 1481 2609 argumentis
1518 2490 2040 2594 accusatores
2107 2520 2304 2582 cum
2351 2494 2770 2586 stomacho
2809 2488 3366 2610 maligniflimi
3401 2490 3830 2586 mendacii

966 2637 1369 2748 coarguit,
1588 2631 1851 2729 Haefit
1881 2633 1989 2724 ad
2027 2661 2128 2728 ea
2157 2635 2527 2726 attonito
2583 2634 2868 2726 fimilis
2901 2632 3308 2752 Princeps
3327 2703 3358 2749 ,
3425 2619 3830 2748 proceres

970 2795 1263 2868 contra
1304 2776 1395 2866 in
1438 2776 1613 2874 finu
1652 2775 2128 2890 gaudebant
2169 2801 2360 2864 eam
2397 2771 2874 2866 fodinarum
2927 2777 3258 2895 pridem
3329 2793 3830 2890 exoptatam

968 2919 1319 3030 stragem
1360 2912 1667 3018 fastam
1688 2983 1717 3027 ,
1763 2913 2494 3034 Horymimmque
2529 2935 2706 3006 tam
2747 2919 3074 3010 strenue
3113 2946 3160 3004 a
3202 2914 3294 3006 se
3333 2913 3664 3012 facinus
3713 2915 3830 3006 di·

966 3056 1231 3158 luere
1442 3051 1587 3156 At
1626 3051 1984 3152 fofl'ores
2031 3053 2334 3155 insulso
2415 3055 2782 3148 clamore
2823 3053 3392 3174 Horymirum
3443 3053 3832 3169 grafl’ato-

968 3225 1203 3312 rem,
1265 3196 1819 3310 homicidam,
1888 3195 2492 3294 incendiarium
2553 3195 3080 3288 manifestum
3150 3196 3830 3312 criminabantur,

966 3337 1193 3452 legis
1222 3338 1749 3445 incendiariae
1788 3363 2056 3453 nuper
2099 3335 2286 3430 latae
2328 3332 2730 3456 supplicio
2774 3339 3246 3432 tollendum
3283 3338 3828 3455 postulantes.

972 3473 1269 3568 Patres
1334 3505 1545 3572 vero
1604 3473 2026 3572 insontem
2091 3475 2643 3594 dictitabant,
2705 3480 3053 3572 minime
3117 3505 3411 3593 reum,
3470 3480 3846 3580 mininie·

976 3615 1463 3724 convifimm
1502 3614 1917 3720 sententia
1944 3613 2356 3734 Principis
2401 3617 3002 3713 absolvendum
3050 3622 3492 3736 urgebant.
3629 3614 3828 3722 Post

973 3761 1331 3864 ιιιιιΙιειιιι
1368 3757 1959 3860 velitationem
2003 3753 2675 3875 Krzezomyslus
2723 3759 2905 3874 jam
2953 3762 3102 3852 illo
3165 3762 3460 3858 dolore
3501 3755 3830 3859 eversa·

976 3925 1162 3998 rum
1214 3895 1689 3993 fodinamm
1752 3917 2376 4014 praeoccupatus
2437 3901 2954 4017 praecipitem
2997 3909 3204 3994 hanc
3256 3903 3455 3998 tulit
3496 3897 3823 3994 senten

568 4040 835 4185 ”mnf
808 4041 956 4272 ἕο·
976 4041 1225 4140 tiamz
1298 4035 1875 4154 „Quoniam,
1947 4037 2276 4164 inquit,
2341 4039 2662 4132 infinita
2703 4069 2970 4158 prope
3007 4039 3578 4134 accusatorum
3617 4043 3823 4132 mul-

506 4147 639 4268 „³2”
980 4181 1423 4302 „tit-udo,
1478 4179 1871 4302 interque
1926 4205 2082 4272 eos
2145 4179 2482 4296 plurimi
2547 4183 2855 4298 testes,
2917 4183 3062 4303 qui
3129 4185 3278 4278 vel
3323 4183 3596 4276 oculis
3657 4180 3824 4275 suis

3437 4393 3500 4440 >2
3495 4341 3694 4416 ex·
