3984 5000
1166 370 1871 457 anszonrm
1928 380 2048 457 16.
2887 392 3029 489 563

132 556 246 671 {3
246 526 797 647 exurentem
818 612 847 663 ,
962 528 1696 659 trucidantemque
1802 535 1983 631 Hm
1954 541 2361 659 rymirnm
2483 542 3034 669 conspexere,

217 709 571 809 ,morte
605 688 949 802 dignum
982 684 1649 801 pronunciamus,
1679 750 1736 795 ‚,
1878 676 2024 773 At
2059 710 2526 803 quanquam
2560 686 3048 785 incendium

166 762 872 924 ‘damnofiffimum
913 822 1159 939 fecit,
1202 824 1551 940 gratiam
1590 846 1857 939 nuper
1898 821 2227 915 dictatae
2269 826 2484 941 legis
2529 828 2614 916 ei
2659 800 3042 947 facimus,

129 1002 151 1076 ,·
166 980 355 1065 ‘non
392 966 708 1089 peribit
761 968 1003 1083 igne·
982 1032 1008 1079 ,
1074 983 1419 1084 propter
1456 965 1895 1089 hominum
1960 965 2235 1057 caedes
2260 1036 2286 1081 ,
2355 966 2668 1059 eodem
2729 972 3040 1086 gladio,-q

160 1136 351 1233 'quo
403 1108 545 1202 eas
595 1108 811 1202 fecit
834 1178 863 1223 ,
928 1106 1199 1199 vitam
1229 1123 1523 1223 ponet.
1732 1099 2252 1220 Horymirus
2293 1108 2397 1197 ad
2437 1128 2807 1201 mortem
2839 1142 3038 1205 con·-

168 1255 676 1346 demnatum
755 1248 847 1341 se
932 1246 1273 1339 audiens
1366 1245 1499 1336 his
1588 1244 1877 1337 verbis
1918 1238 2242 1338 'affatus
2333 1250 2454 1339 est
2513 1243 3038 1371 Principem:

168 1400 244 1513 ’,,
291 1391 506 1483 Haec
572 1408 718 1483 tua
780 1389 1121 1510 quidem
1172 1382 1587 1478 sententia
1652 1388 1771 1476 est
1831 1381 2286 1506 Princeps,
2351 1406 2734 1482 ceter-mn
2801 1394 3046 1487 aliter

52 1554 63 1563 ·
180 1542 241 1665 3,
281 1534 793 1650 judicaturos
839 1525 1083 1621 Deos
1132 1544 1415 1620 certus
1462 1526 1793 1619 confido
1814 1594 1842 1642 ‚
1924 1527 2016 1621 ὅτ
2073 1530 2470 1649 quoniam
2505 1560 2758 1649 porro
2803 1536 3046 1627 vive·

182 1744 245 1792 „
286 1704 383 1767 re
424 1676 631 1763 mihi
673 1699 847 1763 non
886 1671 1178 1786 datur,
1236 1675 1449 1760 hanc
1492 1670 1989 1786 postremam
2047 1698 2096 1760 a
2149 1688 2246 1763 te
2315 1698 2586 1763 exoro
2638 1675 3044 1789 gratiam·

185 1886 243 1934 ,‚
290 1819 542 1905 liceat
580 1812 807 1929 prius
850 1811 1057 1902 mihi
1059 1837 1356 1932 ‚quam
1392 1809 1727 1925 moriar,
1751 1808 2014 1901 adhuc
2045 1806 2443 1903 dilectum
2479 1812 2688 1903 mihi
2729 1838 3046 1935 equum

182 1952 776 2075 „inscendere
796 2022 824 2069 ‚
884 1952 1341 2072 equitique
1395 1948 1653 2041 animi
1714 1946 1949 2040 causa
2015 1952 2108 2043 in
2153 1948 2806 2049 Wiss'ehradenfi
2847 1984 3042 2055 area

178 2167 240 2215 ‚,
290 2097 732 2189 decurrere
755 2163 783 2210 ‚
849 2096 1133 2211 postea
1191 2093 1281 2183 in
1337 2092 1750 2211 potestate
1808 2110 1953 2183 tua
2017 2092 2164 2183 fim
2189 2162 2216 2209 ,
2293 2088 2599 2213 facque
2641 2124 3036 2215 mecum,

183 2309 242 2357 ,‚
290 2236 757 2358 quodlibet.
810 2302 867 2351 ‚,
1088 2230 1353 2336 Quod
1390 2232 1479 2325 ac
1520 2228 1922 2349 Princeps
1950 2232 2166 2325 haud
2209 2253 2553 2348 gravate
2576 2305 2603 2352 ‚
2663 2266 2828 2331 nec
2863 2239 3036 2335 fine

142 2366 342 2471 ''risu
374 2377 733 2497 petenti
728 2367 1172 2467 conceffit.
1385 2370 1616 2463 Mox
1642 2370 1867 2488 juffis
1915 2374 2148 2465 castri
2189 2372 2886 2472 Wiss’ehradenfis
2917 2378 3036 2495 ja·

164 2523 369 2615 nuis
414 2515 773 2627 obserari
810 2514 1096 2608 sedulo
1123 2584 1151 2632 ,
1208 2513 1663 2634 pofitisque
1708 2515 1941 2605 omni
1984 2535 2222 2634 parte
2267 2519 2656 2611 excubiis
2678 2589 2707 2635 ,
2745 2519 2838 2614 dc
2871 2518 3034 2614 foss

163 2659 365 2754 sore
406 2657 853 2776 frequente
872 2727 899 2774 ‚
958 2684 1072 2748 ne
1113 2685 1275 2776 qua
1328 2651 1557 2748 forte
1626 2656 1940 2748 devota
2001 2656 2220 2748 odiis
2283 2655 2454 2751 suis
2486 2658 2832 2752 victima
2871 2661 3030 2754 im-

91 2778 101 2786 ⁸
160 2801 731 2923 'prudentibus
805 2799 1187 2892 evolaret
1206 2867 1234 2912 ‚
1293 2797 1383 2888 in
1448 2798 1637 2888 100²
1698 2795 1925 2912 fugae
1988 2799 2282 2915 pervia
2338 2796 2431 2891 se
2485 2802 3030 2920 constipante,

0 2920 4 2933 ’
168 2944 517 3036 'veniam
548 2940 693 3033 dat
735 2937 1135 3057 Princeps
1172 2933 1644 3054 Horymiro
1674 2933 1927 3028 'fraena
1985 2939 2580 3059 ephipiumque
2613 2969 2836 3062 equo
2882 2940 3032 3037 suo

0 4273 7 4341 ι

165 3083 725 3194 insternendi,
788 3077 985 3169 ense
1047 3077 1196 3170 suo
1252 3075 1341 3168 se
1402 3077 1893 3194 accingendi
1916 3148 1942 3194 ,
2017 3081 2683 3212 postremamque
2751 3085 3032 3175 animo

162 3219 321 3314 ³suo
391 3219 1051 3312 oblectationem
1110 3219 1392 3309 dandi.
1606 3215 1963 3346 Jamque
2017 3215 2530 3350 Horymirus
2601 3225 3032 3340 stabulum,

162 3369 345 3484 quo
376 3361 775 3454 martialis
825 3387 1089 3476 equus
1130 3343 1343 3448 suus·
1364 3359 1897 3476 constiterat,
1963 3335 2417 3477 ingr-essm,
2497 3361 2777 3454 eidem
2827 3365 3030 3484 quid

176 3505 643 3598 clanculum
684 3503 823 3621 (ut
866 3493 1269 3590 stabularii
1312 3500 1589 3616 postea
1630 3491 2199 3612 referebant)
2175 3529 2263 3591 m
2287 3529 2572 3594 aurem
2597 3503 3029 3598 insusurra·

176 3649 313 3739 vit
330 3715 358 3763 ,
420 3646 674 3765 inque
717 3639 1151 3733 fraenatum
1186 3637 1849 3759 producitumque
1890 3637 2099 3732 saltu
2131 3638 2224 3733 se
2263 3641 2558 3758 injecit
2593 3627 3026 3758 jubilantis

154 3787 375 3879 ἰιι-ιι.
584 3779 992 3898 Accepto
1038 3782 1263 3896 signo
1310 3779 1835 3872 Schemildus
1859 3850 1886 3899 ‚
1949 3782 2312 3876 multum
2357 3782 2688 3876 versare
2731 3783 2821 3879 se
2846 3856 2875 3903 ‚
2908 3787 3028 3882 in·

158 3925 563 4018 credibili
620 3923 1119 4042 pernicitate
1182 3921 1748 4036 circumagere
1776 3991 1808 4030 ,
1916 3921 2572 4043 quaquaversum
2633 3923 3028 4048 subfilire,

0 4188 1 4201 Ν
132 4103 139 4110 ·
181 4066 474 4159 excuti
537 4067 627 4155 in
674 4067 933 4156 altum
962 4091 1007 4176 ,·
1040 4061 1331 4183 ibique
1375 4062 1678 4178 dejici,
1743 4061 1893 4153 ubi
1933 4060 2300 4182 sperares
2337 4067 2686 4159 minime
2711 4137 2738 4183 ‚
2797 4093 3028 4187 pror·

154 4205 315 4304 ·sus
374 4205 581 4300 nihil
641 4206 1045 4300 omittere
1067 4270 1097 4324 ,
1180 4205 1408 4326 quod
1476 4205 1913 4296 oculorum
1978 4205 2458 4300 ludibrium·
2499 4209 3026 4306 desideraret.

1440 4341 1761 4440 Bbbh
1840 4371 1903 4442 2
2117 4406 2126 4419 -
2659 4343 2890 4444 Prin·
