3984 5000
1271 325 1840 428 :mmm-13·
1965 402 1981 420 ,.
2934 349 2990 436 2

119 491 314 600 εἰπὲ
337 563 370 611 ,
391 469 518 586 (¹¹)
565 485 1452 616 p1fcisn01'1nunquam
1485 513 1634 590 aut
1665 493 1852 590 fera
1916 489 2417 596 membrum
2444 495 2775 604 lautitia
2794 548 2831 616 3
2860 499 2999 608 ,ἃ
3056 603 3069 612 ,

123 639 786 760 pulpamentum.
903 629 1264 751 Vitem,
1336 666 1434 732 ac
1465 639 1886 760 liquorem
1915 639 2034 734 de
2072 636 2507 740 frumento
2540 641 2993 761 factitium,

127 801 387 902 quem
449 779 935 902 cerevifiam
1017 778 1270 870 hodie
1331 781 1846 900 appellamus
1869 851 1898 898 ,
1991 783 2515 899 ignorabant.
2678 779 2997 887 Potum
3146 796 3153 808 '

73 921 408 1016 fontes
453 922 864 1042 fluviique
908 921 1237 1014 dabant.
1281 907 1404 1016 (κ),
1526 917 1742 1016 Inde
1805 921 2043 1044 supra
2111 951 2362 1045 quam
2416 923 2651 1018 credi
2688 929 2997 1043 potest,
3302 907 3309 914 ’

123 1066 520 1185 patientia
562 1062 898 1163 laboris
921 1085 1270 1183 corpor-a
1333 1059 1644 1182 solida,
1716 1095 1812 1156 ac
1855 1067 2343 1184 praevalida.
2322 1047 2526 1158 (y)
2596 1066 2859 1160 fiivas
2890 1064 2995 1158 ab

131 1207 532 1298 radicibus
583 1221 957 1323 vertere,
998 1197 1536 1325 proscindere
1576 1227 1846 1299 aratro
1894 1211 2206 1300 terram
2228 1278 2256 1324 ,
2301 1207 2997 1324 agricolationem

127 1343 398 1438 facere
423 1415 456 1461 ,
531 1349 628 1445 Se
661 1376 874 1468 opus
913 1346 1108 1448 sane
1150 1344 1696 1440 necefl'arium
1726 1418 1753 1464 ,
1826 1368 1924 1440 ut
1970 1369 2159 1442 tum
2192 1349 2511 1444 inculta
2540 1351 2995 1444 horrebant

129 1489 396 1614 omnia
421 1559 455 1604 ‚
532 1473 987 1586 nec⁵1abor
1049 1506 1228 1580 tam
1291 1491 1540 1582 vastis
1601 1502 1917 1608 nempe
1977 1493 2476 1612 corporibus
2542 1492 2998 1595 admodum

120 1631 418 1744 gravis,
485 1615 592 1718 (Ζ)
743 1628 984 1724 Inter
1053 1627 1515 1724 felicitates
1601 1627 2032 1724 maximas‘
2092 1651 2577 1751 reputatum
2643 1627 2999 1726 subiude
3091 1726 3097 1732 .

122 1769 298 1872 laffix
337 1774 726 1872 membra
763 1770 918 1867 sub
987 1769 1424 1889 fagorum,
1497 1773 2045 1892 abietumque
2105 1776 2427 1868 umbris
2486 1771 2995 1888 refocillare,

122 1913 262 2004 ubi
293 1910 690 2008 substrata
738 1911 1167 2014 frondium
1228 1911 1484 2030 folia,
1555 1933 1700 2006 aut
1760 1941 2109 2030 gramen
2166 1911 2732 2008 suaviffimum
2776 1912 2999 2018 som)-

125 2079 314 2144 ιιιιιιι
350 2057 942 2158 conciliabanu
1003 2043 1078 2144 (⁴
1037 2047 1149 2136 Μ)
1292 2051 1436 2146 De
1505 2084 1892 2171 agrorum
1950 2055 2256 2148 finibus
2272 2127 2323 2174 ‚
2372 2057 2659 2176 deque
2712 2047 2998 2149 natori-
3104 2054 3317 2126 Prbnf‘
3356 2057 3465 2124 ³⁰·

126 2193 272 2286 bus
315 2197 428 2286 lis
475 2198 750 2312 nulla,
821 2221 1320 2290 communes
1358 2199 1752 2289 omnibus
1799 2199 2110 2313 liberi,
2182 2225 2681 2290 communes
2726 2195 2993 2290 omni·
3012 2147 3471 2302 wssffl

123 2335 270 2432 bus
313 2332 718 2430 fortunae·
693 2403 723 2452 ,
792 2357 1046 2458 atque
1095 2339 1298 2430 inde
1349 2340 1556 2429 nihil
1588 2368 1950 2458 unquam
1993 2337 2410 2457 clausum,
2488 2365 2685 2430 eum
2730 2363 2991 2430 nemo
3013 2322 3461 2494 mn*

123 2471 352 2573 suum
399 2479 732 2574 diceret
774 2480 1278 2601 quidquam,
1330 2465 1462 2566 (bh)
1535 2481 1626 2574 Sc
1676 2477 1910 2579 furto
1957 2481 2165 2573 nihil
2208 2408 2775 2575 detestabilius
2818 2502 2995 2577 cre-
3017 2487 3255 2577 milwe

44 2670 46 2675 ·
123 2620 484 2721 deretur.
537 2612 674 2709 (θ’)
821 2618 1248 2741 Principio
1289 2623 1704 2714 adventus
1771 2648 2123 2740 eorum,
2198 2624 2400 2714 dum
2461 2650 2618 2741 per
2666 2622 2997 2713 accolas

77 2758 552 2879 quiescere
589 2762 888 2879 licuit,
934 2782 1178 2857 extra
1209 2789 1547 2879 arcum,
1595 2764 1683 2857 δι
1719 2764 1995 2858 telum
2038 2790 2259 2855 arma
2302 2763 2469 2855 illis
2518 2764 2773 2881 nulla,
2816 2748 3045 2851 (dd)

127 2902 245 2993 his
301 2899 536 2993 feras
601 2904 1184 3021 configebant,
1254 2904 1422 2997 illae
1469 2904 1948 3019 juventutis
2028 2908 2549 2997 exercebant
2612 2933 2999 3024 corpora,

127 3040 277 3135 issae
319 3046 822 3167 plerumque
861 3048 1183 3139 vestem
1231 3046 1589 3161 dabant,
1664 3073 1912 3160 nam,
1982 3047 2387 3167 quidquid
2440 3046 2832 3162 laneum,
2901 3046 3001 3134 11

129 3210 542 3304 neumque
594 3206 833 3302 erat,
903 3187 1400 3301 ignorabant
1462 3187 1864 3305 penituS‚
1916 3168 2043 3274 (θ’)
2090 3189 2453 3306 pellibus
2520 3184 2791 3287 solum
2858 3186 3003 3277 iis-
3159 3172 3171 3179 ⁵

133 3351 288 3444 que
334 3328 854 3419 denfioribus
901 3330 1216 3445 hieme,
1285 3327 1754 3423 levioribus
1791 3330 2070 3421 aestate
2121 3330 2601 3431 utebantur,
2747 3327 3001 3419 Cum·-

127 3494 284 3585 que
335 3468 448 3563 fic
495 3469 722 3562 inter
766 3467 855 3563 se
895 3466 1022 3563 fas
1079 3469 1705 3590 amicitiamque
1766 3469 2153 3562 colerent
2176 3540 2204 3586 ,
2285 3470 2389 3563 ab
2439 3468 2759 3585 injuriis
2808 3468 3003 3559 alie-

127 3634 228 3712 m
261 3628 508 3701 etant
550 3611 884 3725 omnia,
963 3630 1106 3703 aut
1146 3613 1207 3704 fi
1243 3639 1428 3731 quae
1493 3630 1784 3705 tamen
1854 3609 2485 3726 inferebantur,
2550 3610 2797 3701 unius
2860 3638 3004 3701 cu·-

129 3746 410 3871 jusque
451 3751 781 3844 animus
827 3752 928 3842 ad
971 3754 1500 3846 tolerandum
1545 3770 1728 3845 erat
1770 3771 2350 3872 comparatus,
2432 3750 3001 3871 vindictaeque

126 3888 454 4003 ignarus
481 3960 512 4008 ,
554 3878 694 3981 (ff)
781 3920 976 3985 nam
1015 3922 1129 3987 ne
1155 3894 1500 4035 quidem
1538 3892 1978 4012 judicem,
2022 3896 2237 4015 apud
2278 3920 2539 4017 quem
2578 3887 3001 3985 actionem
3113 3912 3207 3974 Ne
3178 3931 3301 3994 equ
3278 3910 3429 3974 ·mde

127 4028 710 4149 instituerent,
789 4036 1207 4129 habebant
1283 4062 1548 4142 unum
1621 4036 2015 4155 aliquem.
2070 4024 2219 4130 (gg)
2393 3998 3173 4147 Posterioribusjffl
3142 4018 3261 4060 Μ’
3292 3998 3386 4060 ‘²‘

127 4196 336 4269 vero
361 4164 896 4297 temporibus
941 4178 1254 4291 arbiter
1280 4178 1834 4417 deligegatuss
1871 4178 2255 4303 quisquis
2296 4206 2349 4273 e
2410 4175 2806 4407 cujusqulq
2860 4178 3005 4268 tri-

1715 4346 1771 4441 3
2810 4344 2869 4405 u
