3984 5000
945 315 1094 397 208
2124 304 2201 381 A
2214 323 2275 382 ιι
2290 321 2347 382 ιι
2360 325 2421 385 ιι
2436 321 2474 389 ς
2518 327 2615 405 73
2626 309 2701 388 6.
3179 397 3188 401 ,

948 537 1008 589 ,,
1077 469 1356 584 dicae,
1425 451 1846 558 terribiles
1909 467 2001 556 in
2062 467 2443 584 palatio,
2513 469 2602 559 ἰιι
2660 465 2953 562 renum
3004 469 3411 568 omniim'
3442 477 3795 581 affluen-

945 671 1004 726 ‚‚
1081 611 1197 700 tia
1241 599 1832 700 audaciffimae:
1903 607 2021 697 ita
2064 628 2289 698 nunc
2331 609 2420 696 in
2464 611 2819 723 negotio
2862 612 3257 730 trepidae,
3324 619 3413 709 in
3456 621 3792 716 calami-

943 815 1004 866 „
1074 767 1252 840 tate
1317 744 1656 860 abjeffle
1679 805 1705 859 ,
1776 741 2165 837 imbelles
2224 745 2496 861 forie,
2568 751 2657 838 in
2722 753 3085 864 egestae
3138 755 3787 881 domesticisque

947 947 1006 1001 „
1075 877 1448 975 sordibus
1495 883 1884 998 ignavae,
1955 883 2283 1002 prorsus
2328 884 2625 1003 quibus
2678 909 2841 978 nec
2882 890 3265 1008 prospera
3310 899 3647 1013 decori,
3686 904 3801 995 &r

945 1087 1004 1137 ‚‚
1076 1020 1410 1112 adversa
1458 1023 1717 1112 etiam
1761 1023 1917 1112 fint
1982 1023 2490 1135 ignominiae.
2628 1023 2797 1118 Hae
2844 1055 2987 1119 me
3042 1031 3547 1158 potiffimnm
3592 1067 3775 1128 caua

937 1227 966 1280 ,
977 1227 1002 1273 ‚
1074 1159 1182 1248 sae
1240 1175 1693 1250 moverunt
1735 1193 1770 1272 ,·
1837 1162 2380 1277 quamobrem
2441 1164 2531 1251 in
2580 1165 2799 1254 hune
2841 1195 3005 1258 vos
3038 1167 3439 1262 secefl'um
3470 1203 3771 1268 evoca·

937 1359 998 1417 ,‚
1070 1297 1229 1386 rim
1268 1365 1294 1410 ‚
1362 1323 1540 1386 non
1577 1313 1672 1387 ut
1728 1295 1898 1414 ipsa
1957 1302 2399 1390 statuerem
2433 1371 2463 1416 ,
2530 1303 2755 1418 quod
2797 1305 2887 1392 in
2933 1333 3117 1396 rem
3160 1315 3509 1402 vestram
3548 1311 3775 1406 face-

937 1498 997 1556 „
1071 1453 1206 1525 ret
1247 1498 1276 1548 ,
1344 1433 1489 1524 sed
1523 1453 1622 1525 ut
1667 1435 2077 1527 videretis
2118 1506 2145 1552 ,
2216 1441 2416 1556 quid
2490 1441 2715 1530 inter
2774 1445 3215 1556 generosas
3278 1450 3774 1567 animanteS,

937 1639 996 1690 ‚,
1069 1599 1252 1692 quae
1299 1567 1710 1688 repagulis
1775 1575 2039 1690 ruptis
2094 1603 2248 1690 per
2316 1574 2662 1667 vulnera
2722 1581 2815 1670 &t
2854 1579 3330 1695 sanguinem
3389 1590 3478 1678 in
3520 1592 3777 1680 liber-

939 1771 996 1827 „
1063 1729 1336 1800 tatem
1405 1713 1770 1801 emicant
1815 1741 1839 1822 ;
1911 1715 2001 1802 81
2058 1713 2356 1804 inertia
2414 1715 2793 1826 jumenta
2817 1787 2843 1832 ‚
2911 1719 3461 1842 foediorisque
3528 1748 3771 1820 ortus

935 1913 996 1966 „
1063 1847 1360 1940 bestias
1401 1915 1428 1963 ‚
1499 1877 1700 1966 quas
1765 1849 2037 1962 flag-ris
2104 1851 2607 1942 obedientes
2676 1853 2883 1945 facit
2953 1855 3279 1972 ignavia
3318 1929 3347 1978 ‚
3416 1861 3767 1959 interlin

935 2052 993 2104 „
1063 1983 1360 2103 Itaque
1403 2013 1576 2074 non
1630 1984 1810 2075 sum
1861 1989 1948 2076 in
1989 1986 2345 2102 praesens
2400 1997 2817 2084 hortatu-ra
2858 2021 3021 2086 vos
3060 2059 3087 2112 ‚-
3162 2019 3260 2090 ut
3279 2014 3453 2133 'pro
3488 2006 3761 2094 domi-

933 2183 992 2240 „
1059 2125 1435 2214 natione
1463 2125 2015 2239 recuperanda
2068 2127 2343 2240 capite
2416 2121 2840 2221 dimicetis-
2880 2194 2909 2246 ‚
2978 2124 3395 2228 ostendam
3444 2133 3766 2258 solum,

930 2323 990 2376 „
1066 2285 1249 2376 quae
1291 2262 1555 2350 vestra
1607 2261 1859 2350 hodie
1922 2264 2347 2353 conditio
2353 2268 2637 2382 ,quis
2682 2269 2897 2359 item
2930 2275 3301 2365 virorum
3340 2281 3589 2368 status
3629 2283 3765 2396 fit,

926 2463 987 2517 ,‚
1061 2396 1456 2487 docebo:
1527 2424 1687 2488 vos
1753 2399 2059 2489 deinde
2082 2465 2108 2515 ,
2180 2334 2378 2519 quid
2440 2401 2672 2494 fausto
2742 2431 2950 2527 opus
3022 2413 3193 2528 fit,
3268 2415 3749 2512 continetis,

927 2600 985 2653 ,‚
1060 2528 1179 2626 Et
1227 2538 1507 2627 Castor
1547 2539 1566 2625 1
1642 2536 1732 2625 in
1769 2564 1936 2654 quo
1977 2560 2255 2629 rerum
2291 2538 2641 2636 articulo·
2686 2544 3043 2643 fortunae
3084 2554 3240 2642 smt
3280 2559 3569 2646 nofflae
3626 2560 3761 2648 vi

923 2734 984 2791 „
1057 2671 1342 2765 detis:
1413 2672 2016 2765 Dominatione
2056 2672 2407 2795 depulsae
2448 2703 2643 2772 cum
2685 2682 3045 2779 Libuffae
3090 2712 3417 2806 morte,
3463 2694 3759 2808 ejeffle

921 2870 982 2927 „
1065 2808 1370 2928 palatio
1394 2875 1421 2925 ,
1495 2810 1863 2927 spoliatae
1904 2814 2223 2905 cunstis
2266 2825 2676 2909 honorum
2734 2824 3175 2938 infignibus
3232 2850 3485 2948 atque
3520 2858 3758 2924 orna·

923 3006 982 3063 „
1057 2950 1369 3037 mentis
1405 3016 1434 3061 ‚
1507 2971 1859 3060 egentes
1881 3012 1908 3063 ‚
1951 2951 2268 3043 miterae
2311 2956 2655 3049 incertis
2701 2958 3037 3057 sedibus
3078 2990 3469 3063 erramus,
3612 2970 3755 3063 Ita

920 3146 980 3203 ‚,
1051 3104 1334 3203 neque
1401 3084 1606 3177 foris
1670 3088 1838 3177 fine
1899 3090 2317 3181 dedecore
2366 3159 2391 3205 ‚
2464 3117 2742 3213 neque
2806 3105 3039 3194 domi
3102 3118 3295 3197 cum
3358 3110 3753 3203 libertate

917 3284 976 3340 „
1049 3222 1216 3316 effe
1277 3224 1508 3317 licet.
1652 3220 1861 3317 Vidi
1923 3254 2085 3339 ego
2156 3230 2740 3328 imminentem
2798 3243 3009 3331 hanc
3068 3245 3537 3339 cervicibus
3600 3275 3751 3341 no-

914 3424 975 3479 „
1051 3364 1228 3453 stris
1299 3360 1882 3481 tempestatem
1921 3364 2095 3478 jam
2160 3388 2345 3459 tum
2382 3436 2411 3483 ,
2480 3398 2675 3464 cum
2730 3378 2821 3472 in
2880 3378 3019 3469 illa
3065 3380 3485 3500 popularis
3541 3382 3753 3479 sedi·-

739 3572 753 3584 ,
821 3530 824 3533 ’
911 3560 973 3615 ,‚
1046 3501 1306 3591 tionis
1340 3504 1705 3616 procella
1755 3505 2296 3597 maletectum
2360 3508 2451 3601 in
2504 3510 2897 3609 foeminas
2958 3522 3245 3613 odium
3296 3522 3541 3615 Roho
3581 3524 3751 3617 Ka·

913 3698 973 3753 „
1042 3640 1258 3729 lonis
1317 3640 1726 3732 evomuit
1869 3631 2200 3734 Verum
2244 3650 2443 3765 quid
2504 3648 2933 3747 facerem?
3004 3680 3199 3750 cum
3261 3660 3351 3754 in
3405 3662 3743 3757 Libuffi

913 3834 973 3887 ,‚
1044 3777 1266 3893 plus
1285 3778 1656 3867 lenitatis
1725 3806 1971 3896 quam
2008 3783 2407 3900 irae,1n
2443 3786 2801 3885 Libuffae
2848 3795 3263 3891 sororibus
3306 3803 3495 3919 plus
3528 3798 3744 3897 efl'et

912 3971 971 4026 „
1039 3912 1184 4001 irae
1231 3942 1475 4032 quam
1511 3917 1940 4033 potentiae
2084 3920 2383 4042 Itaque
2426 3936 2589 4017 huc
2636 3932 3139 4030 miseriarum
3180 3940 3571 4036 infelices
3609 3973 3739 4037 re·

905 4108 967 4167 „
1036 4044 1452 4147 cidimus:
1517 4050 1993 4178 Przemysli
2040 4062 2447 4183 mancipia
2480 4130 2512 4185 ‚
2583 4066 2958 4173 virorum
3020 4078 3469 4175 ludibrium
3504 4150 3537 4195 ,
3610 4087 3743 4180 lu·

3326 4288 3389 4341 ‚‚
3422 4216 3579 4315 dus
