3984 5000
909 345 1058 421 218
2092 325 2429 405 ΑΝΝυε
2476 331 2655 420 733.

912 499 1112 588 stres
1161 489 1573 582 formabat
1595 557 1622 602 ,
1697 507 1793 580 ut
1833 483 2548 580 exercitatiffimas
2614 482 2860 577 brevi
2904 471 3289 604 te‘mpore
3332 491 3767 605 equestres

917 633 1200 751 copias
1253 631 1622 720 haberet.
1835 623 1987 719 Εο.
2046 654 2323 718 rerum
2389 622 2757 716 success'u
2812 613 3183 738 tumida,
3250 629 3521 720 totius
3588 629 3769 742 jam

915 765 1342 863 Bohemiae
1383 768 1936 882 principatum
1979 761 2123 879 spe
2167 765 2668 884 devorabat,
2720 791 2893 853 nec
2940 763 3394 880 supprefl'os
3430 765 3773 882 spiritus

917 909 1266 1024 amplius
1307 906 1600 1017 tegere
1657 905 1946 1028 valens
1992 904 2080 990 in
2124 899 2696 992 sublimiorem
2747 903 2974 992 castri
3040 903 3319 991 locum
3360 902 3771 1021 ascendia

811 1045 832 1064 ⁰
921 1045 1298 1162 solioque
1320 1043 1664 1155 Reginae
1704 1042 1942 1132 instar
1987 1042 2412 1130 confidens
2437 1085 2493 1153 ‚2
2532 1042 2635 1128 ad
2676 1059 3224 1163 convocatam
3260 1043 3766 1134 muliebrem
3823 1051 3834 1056 “

847 1207 861 1222 “
922 1184 1548 1276 multitudinem
1594 1189 1766 1271 haec
1819 1178 2081 1269 verba
2122 1175 2367 1267 facit:
2500 1245 2556 1292 „
2608 1173 2847 1268 Deos
2922 1161 3219 1266 omnes
3260 1170 3599 1294 superos
3643 1183 3761 1272 in-

875 1387 880 1391 „
925 1389 986 1450 3,
1032 1318 1416 1436 ferosque
1466 1319 1755 1408 testor!
1805 1317 2017 1408 nihil
2057 1313 2381 1405 sorores
2456 1317 2705 1445 vobis
2732 1357 2751 1388 -·
2774 1335 3179 1405 terrarum
3249 1319 3479 1406 orbis
3546 1322 3764 1411 colit

930 1527 987 1580 ,‚
1029 1458 1176 1552 seu
1219 1458 1682 1568 venustius,
1752 1445 1895 1544 seu
1930 1452 2401 1568 sapientius,
2568 1447 2909 1542 Felices
2966 1482 3173 1566 vos,
3246 1483 3427 1569 quae
3464 1483 3756 1546 meum

929 1577 985 1714 ²„
1035 1597 1477 1710 imperium
1523 1590 2170 1710 expoposcistis3
2228 1591 2427 1706 quid
2472 1591 2693 1679 enim
2735 1620 2781 1676 a
2826 1615 2965 1678 me
3002 1591 3149 1678 nifi
3192 1592 3435 1680 beata
3478 1595 3765 1683 omnia

931 1802 998 1848 „
1039 1732 1457 1848 speretis?
1518 1732 1608 1819 id
1648 1758 1904 1818 unum
1953 1727 2056 1817 ad
2100 1756 2313 1818 meae
2357 1731 2808 1844 vestraeque
2851 1726 3281 1819 felicitatis
3316 1731 3763 1844 plenitudi-

935 1939 992 1990 ‚,
1034 1897 1236 1960 nem
1292 1866 1566 1960 deefl'e
1609 1869 1947 1957 videtur
1966 1936 1992 1979 ,
2056 1868 2282 1982 quod
2322 1867 2869 1978 gubernacula
2908 1868 3383 1981 reipublicae
3413 1846 3767 1959 Czechi}

937 2078 996 2132 „
1043 2037 1162 2100 cae
1203 2037 1374 2100 non
1407 2035 1564 2096 una
1605 2007 1951 2120 perinde
1987 2033 2084 2092 ac
2130 2001 2575 2095 dulciflima
2643 2011 2837 2093 hera
2900 2025 3331 2122 materque
3397 2011 3763 2100 nostrum

785 2265 790 2270 ¹
937 2213 997 2265 „
1045 2145 1418 2238 omnium
1457 2139 1794 2234 Libufl'a
1827 2161 2189 2234 teneam.
2400 2138 2561 2230 Ad
2604 2169 2846 2258 quam
2896 2169 3085 2242 rem
3130 2143 3187 2231 fi
3225 2141 3513 2233 sedulo
3545 2147 3765 2258 adju-

937 2284 1345 2398 „tricem
1381 2309 1716 2374 manum
1757 2280 2181 2394 porrigitis
2207 2346 2233 2391 ,
2282 2306 2391 2368 en
2431 2280 2681 2368 vobis
2724 2281 3439 2371 immortalitatem
3464 2351 3493 2395 ,
3552 2282 3758 2375 mihi

941 2487 996 2535 ‚,
1045 2420 1390 2533 gloriam
1431 2409 1858 2538 peperistis
1908 2415 2291 2519 universo
2330 2419 2771 2509 mulierum
2810 2419 3099 2533 generi
3140 2441 3539 2515 aeternum
3580 2449 3753 2513 me-

941 2625 1001 2679 „
1057 2560 1579 2651 motabilem.
1743 2552 1837 2659 Si
1895 2560 2005 2649 de
2048 2586 2237 2647 mea
2278 2558 2367 2645 in
2408 2586 2565 2647 vos
2606 2558 2770 2647 fide
2786 2625 2813 2669 ,
2883 2541 3572 2675 observantiaque
3614 2562 3757 2659 dua

949 2692 1006 2811 ᾖ,
1047 2694 1334 2787 bitatis
1356 2765 1382 2808 ,
1445 2704 1642 2785 hem
1699 2694 2061 2818 quisquis
2124 2698 2254 2785 his
2306 2696 2549 2785 venis
2606 2693 2967 2785 reclusus
3010 2693 3332 2808 sanguis
3378 2702 3497 2787 est
3527 2768 3553 2811 ,
3597 2726 3771 2815 pro

951 2898 1012 2952 „
1053 2830 1411 2939 fortunis
1439 2902 1466 2947 ‚
1535 2832 1797 2957 salute
1837 2835 2265 2951 gloriaque
2328 2837 2592 2925 vestra
2648 2832 2823 2923 sese
2883 2830 3313 2923 effundere
3380 2838 3646 2947 gestit,
3698 2903 3763 2949 ,‚

939 2964 1094 3061 'At
1128 2971 1584 3083 puellarum
1632 2974 1964 3065 caterva
1999 2970 2419 3088 loquentis
2460 2972 2718 3061 adhuc
2765 2972 3024 3063 verba
3086 2974 3522 3088 interrupit
3576 3002 3763 3063 om-

947 3108 1082 3201 nia
1125 3104 1372 3196 fausta
1409 3110 2061 3211 acclamantium.
2248 3177 2304 3220 „
2354 3106 2585 3211 Nihil
2608 3178 2633 3223 ,
2680 3112 3062 3225 inquiunt
3086 3176 3112 3222 ‚
3168 3110 3399 3201 ausus
3438 3114 3763 3206 nostros

941 3310 1009 3359 ‚‚
1055 3246 1511 3337 morabitur
1536 3317 1562 3360 ‚
1627 3242 1806 3340 ‘tibi
1851 3248 2070 3361 calet
2123 3244 2443 3359 sanguis
2464 3316 2489 3361 ,
2566 3248 2725 3336 tibi
2789 3247 3026 3339 enses
3077 3247 3467 3365 arcusque
3512 3251 3765 3342 nostri

949 3450 1007 3498 „
1053 3385 1506 3485 tenduntur
1530 3454 1558 3497 ‚
1637 3410 1896 3502 perge
1918 3452 1943 3500 ,
1986 3414 2154 3502 quo
2203 3385 2523 3500 coepisti
2581 3388 2856 3473 animo
2879 3454 2906 3499 ‚
2984 3384 3479 3504 persequere
3538 3388 3759 3479 bella

947 3588 1008 3635 „
1052 3549 1202 3636 pro
1288 3516 1544 3615 salute
1609 3526 1752 3616 'tua
1809 3526 2236 3639 nostraque
2310 3516 2585 3639 coepta
2613 3592 2676 3637 ,,
2732 3520 2969 3627 Deos
3034 3552 3331 3616 omnes
3390 3526 3763 3619 habitura

945 3658 1460 3773 „propitios
1485 3726 1510 3771 ,
1559 3659 2089 3762 victoriarum
2130 3690 2283 3750 nos
2320 3680 2641 3753 tuarum
2685 3666 2963 3755 testeS.
3002 3732 3059 3778 ,‚
3130 3662 3323 3765 Qua
3382 3667 3759 3763 omnium

895 3838 898 3843 ·
948 3795 1388 3887 voluntate
1437 3795 1856 3912 perspetita
1915 3800 2410 3901 concionem
2469 3800 2793 3902 dimifit.
3004 3798 3145 3893 At
3186 3802 3359 3915 jam
3422 3807 3765 3911 castrum

950 3924 1506 4032 DieWinense
1545 3963 1716 4025 non
1758 3936 2013 4029 modo
2030 3938 2304 4055 ,robur
2347 3965 2596 4039 omne
2640 3968 2685 4027 a
2732 3940 3119 4054 moeniis,
3160 3942 3555 4055 turribus,
3600 3944 3766 4031 val·

949 4066 1229 4189 lisque
1259 4075 1638 4193 accepitf,
1707 4070 1854 4170 sed
1893 4076 1982 4172 &-
2028 4096 2503 4175 commeatu
2548 4079 2781 4179 omni
2822 4079 2953 4171 rei
2990 4078 3549 4172 frumentariae
3576 4148 3605 4190 ,
3674 4084 3765 4179 ὃς

3510 4215 3617 4305 ad
