3984 5000
1248 283 1257 290 ·
1353 283 1742 380 0280!st
1805 293 1924 389 18}
2754 375 2761 382 .
2960 325 3069 412 49
3188 283 3199 294 ·

195 453 424 558 Tam
481 463 718 559 triste
776 461 1180 556 nuncium
1239 459 1522 557 secuta
1583 467 1884 581 ingens
1933 463 2224 586 populi
2282 466 2403 559 est
2462 471 3069 590 comploratiog

189 611 390 700 hinc
431 604 694 700 effissa
749 605 842 695 in
902 607 1172 697 aulam
1230 605 1631 700 nobilitas
1691 606 2165 725 supremum
2218 627 2566 724 tangere
2592 680 2618 725 ‚
2690 611 3068 706 osculari·
3191 705 3197 710 ,
3354 595 3361 598 ’
3500 677 3505 684 ·

189 777 366 869 que
439 742 878 842 chariffimi
956 744 1174 838 senis
1221 770 1647 866 emortuas
1705 777 1998 840 manus
2034 816 2061 862 ,
2132 750 2325 839 hinc
2386 750 2561 840 vici
2616 753 3065 873 omniaque
3556 729 3561 736 ’

179 890 423 983 reeta
507 886 848 1010 plandiu
929 885 1490 1008 lamentisque
1567 890 1842 1008 plebis
1926 885 2217 980 sonare
2243 959 2268 1005 ‚
2362 887 3067 986 vociferantium

187 1048 592 1149 ereptum
627 1029 781 1122 fibi
815 1024 1318 1147 iniquissimo
1354 1049 1742 1148 tempore
1786 1048 2117 1148 patrem
2159 1031 2447 1122 verius
2475 1100 2500 1146 ‚
2544 1057 2793 1152 quam
2830 1029 3067 1126 Prin-

189 1175 507 1292 cipem.
651 1165 896 1260 Aliis
934 1195 1126 1258 cum
1162 1167 1552 1286 praesenti
1593 1170 1988 1262 moestitia
2015 1239 2041 1285 ,
2094 1167 2553 1284 ,servitutis
2578 1241 2605 1288 ‚
2688 1175 3075 1266 domino*

189 1341 374 1406 rum
411 1311 952 1430 impotentiae
969 1379 994 1425 ‚
1072 1310 1484 1402 malorum
1545 1311 1922 1402 omnium
1946 1380 1973 1425 ‚
2044 1339 2227 1430 quae
2285 1309 2592 1404 deinde
2677 1311 3067 1432 superve-

189 1474 418 1568 rant,
491 1451 766 1544 facies
813 1451 1340 1544 occurrebat.
1483 1515 1496 1524 -
1551 1447 1684 1545 Ita
1723 1451 2092 1543 triduum
2134 1452 2527 1544 lamentis
2570 1457 3083 1549 contritum}

187 1591 398 1687 Inde
453 1593 830 1684 humeris
870 1594 1184 1684 elatum
1225 1586 1620 1710 cadaver,
1701 1619 1896 1684 eum
1963 1593 2185 1683 nulla
2225 1590 2313 1684 se
2383 1589 2473 1683 se
2558 1613 2757 1687 aetas
2830 1597 3069 1690 domi

181 1753 534 1830 teneret
559 1803 588 1850 ‚
659 1732 976 1847 majore
1045 1733 1466 1852 aliquanto
1531 1731 2007 1859 frequentia
2076 1735 2195 1822 est
2218 1803 2245 1848 ,
2316 1759 2564 1852 quam
2622 1733 3073 1852 splendore

177 1895 432 1970 terrae
475 1876 990 1966 mandatum.
1048 1857 1146 1961 (ὅ)
1318 1869 1477 1965 Ad
1517 1873 1698 2000 ejus
1741 1873 2163 1966 tumulum
2186 1943 2215 1988 ‚
2265 1860 2378 1958 (d)
2486 1875 2633 1992 qui
2665 1877 3067 1991 proximo

175 2041 546 2112 nemore
583 2015 676 2108 in
735 2015 1271 2142 occidentem
1341 2013 1790 2132 aspiciebat
1814 2085 1840 2131 ,
1919 2013 2273 2105 maximi
2332 2015 2741 2118 continuo
2798 2018 3069 2106 homi*-

177 2186 388 2252 num
425 2154 928 2249 concursus:
1001 2155 1508 2274 exuviisque
1562 2155 1985 2248 demortui
2013 2225 2039 2270 ‚
2104 2174 2203 2250 ut
2250 2174 2438 2247 tum
2506 2153 2655 2247 vel
2691 2156 3066 2250 maxime

183 2301 577 2391 omnium
611 2298 936 2388 animos
975 2316 1332 2416 occupat
1373 2295 1839 2414 fil'perstitio
1861 2363 1888 2412 ,
1959 2296 2228 2387 divini
2297 2292 2489 2387 sunt
2530 2302 2895 2389 honores
2933 2307 3067 2388 ha·

174 2441 371 2535 beri
419 2439 728 2557 coepti.
955 2433 1316 2553 Adjecit
1375 2435 1964 2531 celebritatem
2035 2438 2231 2532 loco
2252 2508 2279 2553 ,
2354 2460 2613 2557 quem
2647 2432 3061 2558 Principis

173 2582 628 2703 posteritas
666 2580 994 2671 tumulo
1035 2580 1352 2669 addidit
1377 2648 1404 2694 ,
1469 2606 1730 2697 pagus
1781 2581 2162 2670 Ctinoves
2185 2646 2212 2692 ,
2266 2562 2357 2669 (θ)
2470 2578 2689 2695 quasi
2730 2582 2875 2697 qui
2924 2592 3056 2669 ha⁴
3164 2600 3347 2699 Pagus
3368 2604 3483 2679 ω.

177 2725 416 2815 bitos
479 2720 904 2813 conditori
929 2790 958 2838 ‚
1027 2718 1512 2841 autitorique
1582 2722 1866 2837 gentis
1941 2725 2309 2813 honores
2336 2784 2363 2834 ,
2464 2719 2812 2813 nomine
2872 2719 3049 2841 ipso
3074 2719 3233 2759 '‘⁰²³“
3265 2698 3340 2762 ‘²¹¹
3366 2698 3483 2782 W

3072 2783 3353 2849 tumulum
3370 2805 3491 2853 em-

183 2863 662 2983 praefetret.
1433 2946 1444 2963 ,
3072 2856 3249 2933 asnar.

479 3136 540 3259 J
539 3142 734 3239 ustis
779 3140 1122 3240 Czecho
1155 3141 1602 3264 persolutis
1629 3213 1657 3258 ‚
1724 3135 2137 3261 primores
2191 3140 2487 3261 populi
2519 3138 2803 3236 coaeta
2848 3144 3057 3235 mul-

183 3284 556 3379 titudine
595 3286 698 3377 ad
731 3290 1142 3377 Praedium
1189 3290 1488 3378 Altum
1515 3355 1542 3401 ,
1611 3285 1838 3403 quod
1905 3279 2223 3375 Hostus
2286 3311 2585 3401 nuper„
2622 3284 3057 3377 excitavea

181 3446 312 3519 rat
349 3494 384 3541 ,
459 3424 1048 3519 communibus
1118 3424 1562 3521 sententiis
1626 3426 1954 3540 legatos
1991 3417 2477 3519 Kurimium
2558 3426 3069 3539 decernunt,

187 3569 330 3687 qui
365 3566 460 3661 &1
495 3566 890 3661 Lechum
943 3568 1052 3659 de
1099 3570 1342 3661 obitu
1387 3566 1666 3661 fratris
1722 3568 2085 3657 doceant
2102 3632 2129 3681 ,
2198 3566 2295 3661 sc·
2355 3566 2647 3689 populi
2702 3565 3051 3657 nomine
3160 3602 3392 3699 Legat·
3424 3608 3503 3677 ,ι

183 3708 290 3799 ad
351 3705 940 3827 capefl'endum
991 3708 1312 3803 Czechi
1353 3707 1804 3829 imperium
1842 3724 2192 3799 vocent.
2330 3698 2473 3799 At
2520 3706 2669 3797 ille
2704 3694 3334 3822 legatio-Lemm-

175 3874 292 3941 ne
335 3852 614 3943 audita
634 3920 668 3969 ‚
749 3878 912 3969 qua
959 3870 1138 3943 erat
1183 3852 1770 3943 moderatione
1835 3848 2091 3939 animi
2114 3916 2143 3963 ,
2216 3840 2415 3939 satis
2478 3845 2569 3939 se
2634 3844 2783 3945 suo
2826 3842 3058 3939 Prin-2

181 3992 468 4110 cipatu
507 3989 1068 4111 praepeditum
1109 3992 1484 4085 causatus
1509 4057 1536 4107 ,
1609 4008 1804 4081 cum
1843 3990 2065 4079 nulla
2110 3978 2439 4079 ratione
2478 3978 2711 4081 fleffi
2752 3986 3055 4105 poffet,

179 4130 434 4253 legati
477 4132 802 4229 infesta
825 4156 920 4228 re
966 4132 1429 4230 discedunt.
1503 4130 1636 4226 Ita
1679 4130 2021 4221 initium
2064 4128 2550 4243 interregno
2590 4131 2909 4221 datum.
2934 4114 3056 4221 (f)

724 4287 735 4295 ·
1179 4292 1192 4301 ·
1683 4270 1766 4367 G
2700 4264 2915 4371 Quo
