<?xml version="1.0" encoding="UTF-8"?>
<!DOCTYPE html PUBLIC "-//W3C//DTD XHTML 1.0 Transitional//EN"
    "http://www.w3.org/TR/xhtml1/DTD/xhtml1-transitional.dtd">
<html xmlns="http://www.w3.org/1999/xhtml" xml:lang="en" lang="en">
 <head>
  <title>
</title>
<meta http-equiv="Content-Type" content="text/html;charset=utf-8" />
  <meta name='ocr-system' content='tesseract 3.04.00' />
  <meta name='ocr-capabilities' content='ocr_page ocr_carea ocr_par ocr_line ocrx_word'/>
</head>
<body>
  <div class='ocr_page' id='page_1' title='image "./wenceslaihageka00unkngoog_0260.png"; bbox 0 0 3984 5000; ppageno 0'>
   <div class='ocr_carea' id='block_1_1' title="bbox 1238 290 3002 401">
    <p class='ocr_par' dir='ltr' id='par_1_1' title="bbox 1238 290 3002 401">
     <span class='ocr_line' id='line_1_1' title="bbox 1238 290 3002 401; baseline 0.01 -34"><span class='ocrx_word' id='word_1_1' title='bbox 1238 290 1795 371; x_wconf 74' lang='lat' dir='ltr'>Pnztmrsu</span> <span class='ocrx_word' id='word_1_2' title='bbox 1870 316 1984 389; x_wconf 84' lang='grc' dir='ltr'>ις.</span> <span class='ocrx_word' id='word_1_3' title='bbox 2845 320 3002 401; x_wconf 69' lang='lat'>209</span> 
     </span>
    </p>
   </div>
   <div class='ocr_carea' id='block_1_2' title="bbox 80 446 3348 4030">
    <p class='ocr_par' dir='ltr' id='par_1_2' title="bbox 80 446 3348 4030">
     <span class='ocr_line' id='line_1_2' title="bbox 202 446 2984 584; baseline 0.004 -39.381"><span class='ocrx_word' id='word_1_4' title='bbox 202 452 453 584; x_wconf 68' lang='grc' dir='ltr'>’,ιιιιε</span> <span class='ocrx_word' id='word_1_5' title='bbox 486 452 897 569; x_wconf 87' lang='lat' dir='ltr'>jocusque</span> <span class='ocrx_word' id='word_1_6' title='bbox 942 446 1315 544; x_wconf 83' lang='lat' dir='ltr'>masculae</span> <span class='ocrx_word' id='word_1_7' title='bbox 1338 454 1838 565; x_wconf 80' lang='lat' dir='ltr'>juventutis,</span> <span class='ocrx_word' id='word_1_8' title='bbox 1982 452 2154 567; x_wconf 86' lang='lat' dir='ltr'>Sed</span> <span class='ocrx_word' id='word_1_9' title='bbox 2213 457 2582 549; x_wconf 87' lang='lat' dir='ltr'>habenda</span> <span class='ocrx_word' id='word_1_10' title='bbox 2633 463 2751 551; x_wconf 85' lang='lat' dir='ltr'>est</span> <span class='ocrx_word' id='word_1_11' title='bbox 2769 570 2774 573; x_wconf 15' lang='grc' dir='ltr'>Ι</span> <span class='ocrx_word' id='word_1_12' title='bbox 2793 459 2984 557; x_wconf 90' lang='lat' dir='ltr'>Diis</span> 
     </span>
     <span class='ocr_line' id='line_1_3' title="bbox 188 577 2984 709; baseline 0.004 -28"><span class='ocrx_word' id='word_1_13' title='bbox 188 654 239 709; x_wconf 84' lang='lat'>„</span> <span class='ocrx_word' id='word_1_14' title='bbox 296 577 623 707; x_wconf 78' lang='lat' dir='ltr'>gratia,</span> <span class='ocrx_word' id='word_1_15' title='bbox 700 591 957 707; x_wconf 82' lang='lat' dir='ltr'>quod</span> <span class='ocrx_word' id='word_1_16' title='bbox 950 616 1302 681; x_wconf 81' lang='lat' dir='ltr'>omnem</span> <span class='ocrx_word' id='word_1_17' title='bbox 1374 594 1769 707; x_wconf 73' lang='lat' dir='ltr'>exitum,</span> <span class='ocrx_word' id='word_1_18' title='bbox 1840 620 1955 683; x_wconf 70' lang='lat' dir='ltr'>ex</span> <span class='ocrx_word' id='word_1_19' title='bbox 1999 595 2138 681; x_wconf 89' lang='lat' dir='ltr'>illa</span> <span class='ocrx_word' id='word_1_20' title='bbox 2193 598 2682 690; x_wconf 84' lang='lat' dir='ltr'>calamitatis</span> <span class='ocrx_word' id='word_1_21' title='bbox 2747 628 2984 693; x_wconf 83' lang='lat' dir='ltr'>vora·</span> 
     </span>
     <span class='ocr_line' id='line_1_4' title="bbox 80 730 2984 866; baseline 0.003 -45"><span class='ocrx_word' id='word_1_22' title='bbox 80 793 88 844; x_wconf 56' lang='lat' dir='ltr'>f</span> <span class='ocrx_word' id='word_1_23' title='bbox 188 800 237 866; x_wconf 77' lang='lat'>‚²²</span> <span class='ocrx_word' id='word_1_24' title='bbox 296 734 483 845; x_wconf 80' lang='lat' dir='ltr'>gine</span> <span class='ocrx_word' id='word_1_25' title='bbox 542 755 981 841; x_wconf 84' lang='lat' dir='ltr'>emergere</span> <span class='ocrx_word' id='word_1_26' title='bbox 1042 730 1525 821; x_wconf 87' lang='lat' dir='ltr'>volentibus</span> <span class='ocrx_word' id='word_1_27' title='bbox 1592 784 1625 845; x_wconf 53' lang='grc' dir='ltr'><em>ς</em></span> <span class='ocrx_word' id='word_1_28' title='bbox 1690 760 1865 837; x_wconf 87' lang='lat' dir='ltr'>non</span> <span class='ocrx_word' id='word_1_29' title='bbox 1913 732 2498 846; x_wconf 86' lang='lat' dir='ltr'>praecluserint.</span> <span class='ocrx_word' id='word_1_30' title='bbox 2654 731 2984 832; x_wconf 87' lang='lat' dir='ltr'>Videte</span> 
     </span>
     <span class='ocr_line' id='line_1_5' title="bbox 80 861 3103 994; baseline 0.006 -42"><span class='ocrx_word' id='word_1_31' title='bbox 80 861 85 952; x_wconf 74' lang='grc' dir='ltr'>ἕ</span> <span class='ocrx_word' id='word_1_32' title='bbox 186 936 237 985; x_wconf 88' lang='lat'>„</span> <span class='ocrx_word' id='word_1_33' title='bbox 296 873 509 959; x_wconf 83' lang='lat' dir='ltr'>enim</span> <span class='ocrx_word' id='word_1_34' title='bbox 533 938 559 981; x_wconf 93' lang='lat'><strong>,</strong></span> <span class='ocrx_word' id='word_1_35' title='bbox 636 895 789 983; x_wconf 84' lang='lat' dir='ltr'>per</span> <span class='ocrx_word' id='word_1_36' title='bbox 822 864 1063 957; x_wconf 87' lang='lat' dir='ltr'>Deos</span> <span class='ocrx_word' id='word_1_37' title='bbox 1106 866 1427 984; x_wconf 68' lang='lat' dir='ltr'>quaeso,</span> <span class='ocrx_word' id='word_1_38' title='bbox 1496 888 1593 959; x_wconf 86' lang='lat' dir='ltr'>ut</span> <span class='ocrx_word' id='word_1_39' title='bbox 1628 896 1743 963; x_wconf 79' lang='lat' dir='ltr'>ex</span> <span class='ocrx_word' id='word_1_40' title='bbox 1792 871 1919 959; x_wconf 89' lang='lat' dir='ltr'>his</span> <span class='ocrx_word' id='word_1_41' title='bbox 1958 868 2308 961; x_wconf 88' lang='lat' dir='ltr'>miseriis</span> <span class='ocrx_word' id='word_1_42' title='bbox 2351 900 2810 991; x_wconf 80' lang='lat' dir='ltr'>erumpere</span> <span class='ocrx_word' id='word_1_43' title='bbox 2811 905 2984 969; x_wconf 88' lang='lat' dir='ltr'>non</span> <span class='ocrx_word' id='word_1_44' title='bbox 3095 988 3103 994; x_wconf 26' lang='lat'>¹</span> 
     </span>
     <span class='ocr_line' id='line_1_6' title="bbox 190 1004 2980 1125; baseline 0.003 -25.702"><span class='ocrx_word' id='word_1_45' title='bbox 190 1066 251 1121; x_wconf 83' lang='lat'><strong>„</strong></span> <span class='ocrx_word' id='word_1_46' title='bbox 322 1009 525 1101; x_wconf 72' lang='lat' dir='ltr'>dictu</span> <span class='ocrx_word' id='word_1_47' title='bbox 584 1004 913 1095; x_wconf 86' lang='lat' dir='ltr'>facilius</span> <span class='ocrx_word' id='word_1_48' title='bbox 946 1072 975 1119; x_wconf 87' lang='lat'><strong>,</strong></span> <span class='ocrx_word' id='word_1_49' title='bbox 1061 1034 1305 1121; x_wconf 90' lang='lat' dir='ltr'>quam</span> <span class='ocrx_word' id='word_1_50' title='bbox 1361 1005 1587 1099; x_wconf 69' lang='lat' dir='ltr'>faeta</span> <span class='ocrx_word' id='word_1_51' title='bbox 1656 1009 1780 1099; x_wconf 88' lang='lat' dir='ltr'>fit.</span> <span class='ocrx_word' id='word_1_52' title='bbox 1926 1006 2466 1125; x_wconf 84' lang='lat' dir='ltr'>Przemyslus</span> <span class='ocrx_word' id='word_1_53' title='bbox 2515 1011 2775 1103; x_wconf 83' lang='lat' dir='ltr'>senex</span> <span class='ocrx_word' id='word_1_54' title='bbox 2835 1016 2980 1107; x_wconf 85' lang='lat' dir='ltr'>ille</span> 
     </span>
     <span class='ocr_line' id='line_1_7' title="bbox 82 1140 2986 1284; baseline 0.003 -49"><span class='ocrx_word' id='word_1_55' title='bbox 82 1239 85 1284; x_wconf 58' lang='grc' dir='ltr'>Ι</span> <span class='ocrx_word' id='word_1_56' title='bbox 193 1196 249 1259; x_wconf 66' lang='grc'>,,</span> <span class='ocrx_word' id='word_1_57' title='bbox 314 1142 756 1236; x_wconf 78' lang='lat' dir='ltr'>vaniflimus</span> <span class='ocrx_word' id='word_1_58' title='bbox 798 1144 1063 1257; x_wconf 85' lang='lat' dir='ltr'>magis</span> <span class='ocrx_word' id='word_1_59' title='bbox 1094 1140 1467 1235; x_wconf 80' lang='lat' dir='ltr'>Libufl&#39;ae</span> <span class='ocrx_word' id='word_1_60' title='bbox 1507 1146 1909 1237; x_wconf 87' lang='lat' dir='ltr'>memoria</span> <span class='ocrx_word' id='word_1_61' title='bbox 1932 1214 1956 1261; x_wconf 91' lang='lat'>,</span> <span class='ocrx_word' id='word_1_62' title='bbox 2032 1176 2275 1267; x_wconf 85' lang='lat' dir='ltr'>quam</span> <span class='ocrx_word' id='word_1_63' title='bbox 2321 1149 2812 1243; x_wconf 66' lang='lat' dir='ltr'>auctoritate</span> <span class='ocrx_word' id='word_1_64' title='bbox 2846 1151 2986 1243; x_wconf 80' lang='lat' dir='ltr'>sua</span> 
     </span>
     <span class='ocr_line' id='line_1_8' title="bbox 82 1280 2986 1402; baseline 0.001 -25"><span class='ocrx_word' id='word_1_65' title='bbox 82 1291 87 1402; x_wconf 63' lang='lat' dir='ltr'>l</span> <span class='ocrx_word' id='word_1_66' title='bbox 192 1352 247 1399; x_wconf 86' lang='lat'>„</span> <span class='ocrx_word' id='word_1_67' title='bbox 309 1286 505 1377; x_wconf 84' lang='lat' dir='ltr'>male</span> <span class='ocrx_word' id='word_1_68' title='bbox 544 1298 1221 1396; x_wconf 82' lang='lat' dir='ltr'>coagmentatum</span> <span class='ocrx_word' id='word_1_69' title='bbox 1267 1284 1593 1396; x_wconf 88' lang='lat' dir='ltr'>legibus</span> <span class='ocrx_word' id='word_1_70' title='bbox 1642 1287 2195 1402; x_wconf 86' lang='lat' dir='ltr'>principatum</span> <span class='ocrx_word' id='word_1_71' title='bbox 2243 1286 2604 1401; x_wconf 85' lang='lat' dir='ltr'>sustinet.</span> <span class='ocrx_word' id='word_1_72' title='bbox 2703 1385 2708 1391; x_wconf 66' lang='grc'><strong>,</strong></span> <span class='ocrx_word' id='word_1_73' title='bbox 2749 1280 2986 1382; x_wconf 89' lang='lat' dir='ltr'>Nihil</span> 
     </span>
     <span class='ocr_line' id='line_1_9' title="bbox 82 1410 2979 1586; baseline 0.004 -75"><span class='ocrx_word' id='word_1_74' title='bbox 82 1431 87 1586; x_wconf 63' lang='lat' dir='ltr'><strong>j</strong></span> <span class='ocrx_word' id='word_1_75' title='bbox 184 1488 235 1536; x_wconf 83' lang='lat'>„</span> <span class='ocrx_word' id='word_1_76' title='bbox 309 1423 391 1511; x_wconf 91' lang='lat' dir='ltr'>in</span> <span class='ocrx_word' id='word_1_77' title='bbox 446 1430 649 1511; x_wconf 87' lang='lat' dir='ltr'>hoc·</span> <span class='ocrx_word' id='word_1_78' title='bbox 698 1421 1031 1537; x_wconf 76' lang='lat' dir='ltr'>caprino</span> <span class='ocrx_word' id='word_1_79' title='bbox 1132 1418 1333 1512; x_wconf 88' lang='lat' dir='ltr'>sene</span> <span class='ocrx_word' id='word_1_80' title='bbox 1416 1450 1695 1539; x_wconf 83' lang='lat' dir='ltr'>neque</span> <span class='ocrx_word' id='word_1_81' title='bbox 1791 1410 2118 1515; x_wconf 87' lang='lat' dir='ltr'>roboris</span> <span class='ocrx_word' id='word_1_82' title='bbox 2165 1494 2193 1539; x_wconf 88' lang='lat'><strong><em>,</em></strong></span> <span class='ocrx_word' id='word_1_83' title='bbox 2289 1453 2564 1543; x_wconf 87' lang='lat' dir='ltr'>neque</span> <span class='ocrx_word' id='word_1_84' title='bbox 2597 1542 2600 1547; x_wconf 15' lang='grc' dir='ltr'>Ι</span> <span class='ocrx_word' id='word_1_85' title='bbox 2639 1430 2979 1545; x_wconf 53' lang='lat' dir='ltr'>confiliis.</span> 
     </span>
     <span class='ocr_line' id='line_1_10' title="bbox 190 1551 2994 1675; baseline 0.002 -26"><span class='ocrx_word' id='word_1_86' title='bbox 190 1626 245 1674; x_wconf 87' lang='lat'>‚,</span> <span class='ocrx_word' id='word_1_87' title='bbox 302 1557 373 1649; x_wconf 91' lang='lat' dir='ltr'>N</span> <span class='ocrx_word' id='word_1_88' title='bbox 380 1561 849 1675; x_wconf 77' lang='lat' dir='ltr'>ezamyslus</span> <span class='ocrx_word' id='word_1_89' title='bbox 893 1586 1099 1675; x_wconf 90' lang='lat' dir='ltr'>puer</span> <span class='ocrx_word' id='word_1_90' title='bbox 1144 1562 1287 1651; x_wconf 88' lang='lat' dir='ltr'>est.</span> <span class='ocrx_word' id='word_1_91' title='bbox 1454 1551 1587 1649; x_wconf 92' lang='lat' dir='ltr'>Eo</span> <span class='ocrx_word' id='word_1_92' title='bbox 1650 1562 1914 1674; x_wconf 85' lang='lat' dir='ltr'>magis</span> <span class='ocrx_word' id='word_1_93' title='bbox 1978 1564 2306 1652; x_wconf 88' lang='lat' dir='ltr'>confilia</span> <span class='ocrx_word' id='word_1_94' title='bbox 2355 1565 2604 1653; x_wconf 84' lang='lat' dir='ltr'>vobis</span> <span class='ocrx_word' id='word_1_95' title='bbox 2668 1564 2994 1657; x_wconf 76' lang='lat' dir='ltr'>accele·&#39;</span> 
     </span>
     <span class='ocr_line' id='line_1_11' title="bbox 184 1697 2981 1813; baseline 0.003 -24"><span class='ocrx_word' id='word_1_96' title='bbox 184 1762 235 1813; x_wconf 86' lang='lat'>‚,</span> <span class='ocrx_word' id='word_1_97' title='bbox 298 1703 530 1791; x_wconf 79' lang='lat' dir='ltr'>tanda</span> <span class='ocrx_word' id='word_1_98' title='bbox 604 1697 793 1789; x_wconf 87' lang='lat' dir='ltr'>sunt</span> <span class='ocrx_word' id='word_1_99' title='bbox 836 1766 869 1811; x_wconf 87' lang='lat'><em>,</em></span> <span class='ocrx_word' id='word_1_100' title='bbox 934 1700 1407 1813; x_wconf 88' lang='lat' dir='ltr'>priusquam</span> <span class='ocrx_word' id='word_1_101' title='bbox 1486 1697 1771 1789; x_wconf 78' lang='lat' dir='ltr'>induat</span> <span class='ocrx_word' id='word_1_102' title='bbox 1835 1700 2126 1789; x_wconf 87' lang='lat' dir='ltr'>viriles</span> <span class='ocrx_word' id='word_1_103' title='bbox 2204 1728 2489 1791; x_wconf 86' lang='lat' dir='ltr'>annos.</span> <span class='ocrx_word' id='word_1_104' title='bbox 2647 1699 2981 1795; x_wconf 72' lang='lat' dir='ltr'>Frustra</span> 
     </span>
     <span class='ocr_line' id='line_1_12' title="bbox 186 1834 3106 1950; baseline 0.001 -22.897"><span class='ocrx_word' id='word_1_105' title='bbox 186 1903 238 1950; x_wconf 90' lang='lat'>„</span> <span class='ocrx_word' id='word_1_106' title='bbox 298 1839 595 1929; x_wconf 86' lang='lat' dir='ltr'>deinde</span> <span class='ocrx_word' id='word_1_107' title='bbox 645 1837 886 1927; x_wconf 89' lang='lat' dir='ltr'>eritis</span> <span class='ocrx_word' id='word_1_108' title='bbox 922 1904 949 1948; x_wconf 87' lang='lat'><strong>,</strong></span> <span class='ocrx_word' id='word_1_109' title='bbox 1018 1837 1223 1933; x_wconf 83' lang='lat' dir='ltr'>nihil</span> <span class='ocrx_word' id='word_1_110' title='bbox 1284 1836 1515 1927; x_wconf 85' lang='lat' dir='ltr'>enim</span> <span class='ocrx_word' id='word_1_111' title='bbox 1580 1834 2100 1928; x_wconf 85' lang='lat' dir='ltr'>occafionum</span> <span class='ocrx_word' id='word_1_112' title='bbox 2155 1839 2610 1927; x_wconf 87' lang='lat' dir='ltr'>momentis</span> <span class='ocrx_word' id='word_1_113' title='bbox 2677 1844 2796 1930; x_wconf 87' lang='lat' dir='ltr'>est</span> <span class='ocrx_word' id='word_1_114' title='bbox 2853 1842 2980 1931; x_wconf 89' lang='lat' dir='ltr'>fu·</span> <span class='ocrx_word' id='word_1_115' title='bbox 3103 1858 3106 1861; x_wconf 79' lang='grc'><strong><em>’</em></strong></span> 
     </span>
     <span class='ocr_line' id='line_1_13' title="bbox 82 1963 2980 2093; baseline 0 -25"><span class='ocrx_word' id='word_1_116' title='bbox 82 1963 85 2068; x_wconf 72' lang='grc' dir='ltr'>ἶ</span> <span class='ocrx_word' id='word_1_117' title='bbox 183 2036 238 2091; x_wconf 83' lang='lat'>„</span> <span class='ocrx_word' id='word_1_118' title='bbox 300 1979 595 2089; x_wconf 74' lang='lat' dir='ltr'>gaciuS.</span> <span class='ocrx_word' id='word_1_119' title='bbox 742 1969 1077 2063; x_wconf 86' lang='lat' dir='ltr'>Deinde</span> <span class='ocrx_word' id='word_1_120' title='bbox 1131 1975 1297 2065; x_wconf 87' lang='lat' dir='ltr'>viri</span> <span class='ocrx_word' id='word_1_121' title='bbox 1348 1975 1826 2088; x_wconf 81' lang='lat' dir='ltr'>uxoribus,</span> <span class='ocrx_word' id='word_1_122' title='bbox 1892 1994 2150 2093; x_wconf 87' lang='lat' dir='ltr'>atque</span> <span class='ocrx_word' id='word_1_123' title='bbox 2199 1977 2410 2067; x_wconf 87' lang='lat' dir='ltr'>adeo</span> <span class='ocrx_word' id='word_1_124' title='bbox 2472 1977 2778 2075; x_wconf 87' lang='lat' dir='ltr'>infidiis</span> <span class='ocrx_word' id='word_1_125' title='bbox 2831 2006 2980 2069; x_wconf 77' lang='lat' dir='ltr'>no·</span> 
     </span>
     <span class='ocr_line' id='line_1_14' title="bbox 186 2090 3146 2233; baseline 0 -26"><span class='ocrx_word' id='word_1_126' title='bbox 186 2178 243 2225; x_wconf 84' lang='lat'>„</span> <span class='ocrx_word' id='word_1_127' title='bbox 298 2118 453 2207; x_wconf 77' lang='lat' dir='ltr'>stris</span> <span class='ocrx_word' id='word_1_128' title='bbox 496 2112 935 2225; x_wconf 83' lang='lat' dir='ltr'>obnoxii,</span> <span class='ocrx_word' id='word_1_129' title='bbox 1000 2114 1417 2225; x_wconf 87' lang='lat' dir='ltr'>ligonibus</span> <span class='ocrx_word' id='word_1_130' title='bbox 1452 2114 1543 2205; x_wconf 66' lang='grc' dir='ltr'>δε</span> <span class='ocrx_word' id='word_1_131' title='bbox 1582 2112 1941 2202; x_wconf 88' lang='lat' dir='ltr'>dolabris</span> <span class='ocrx_word' id='word_1_132' title='bbox 1984 2182 2014 2227; x_wconf 88' lang='lat'><strong>,</strong></span> <span class='ocrx_word' id='word_1_133' title='bbox 2085 2142 2332 2232; x_wconf 88' lang='lat' dir='ltr'>quam</span> <span class='ocrx_word' id='word_1_134' title='bbox 2382 2090 2672 2227; x_wconf 75' lang='lat' dir='ltr'>gladiis</span> <span class='ocrx_word' id='word_1_135' title='bbox 2718 2118 2979 2233; x_wconf 82' lang='lat' dir='ltr'>aptio·</span> <span class='ocrx_word' id='word_1_136' title='bbox 3137 2184 3146 2191; x_wconf 84' lang='lat'><em>-</em></span> 
     </span>
     <span class='ocr_line' id='line_1_15' title="bbox 188 2247 2978 2379; baseline 0.001 -36.888"><span class='ocrx_word' id='word_1_137' title='bbox 188 2312 241 2363; x_wconf 82' lang='grc'>,,</span> <span class='ocrx_word' id='word_1_138' title='bbox 302 2280 447 2343; x_wconf 87' lang='lat' dir='ltr'>res.</span> <span class='ocrx_word' id='word_1_139' title='bbox 522 2248 1005 2366; x_wconf 87' lang='lat' dir='ltr'>Juventus</span> <span class='ocrx_word' id='word_1_140' title='bbox 1054 2247 1223 2365; x_wconf 88' lang='lat' dir='ltr'>ipsa</span> <span class='ocrx_word' id='word_1_141' title='bbox 1266 2252 1449 2340; x_wconf 84' lang='lat' dir='ltr'>heri</span> <span class='ocrx_word' id='word_1_142' title='bbox 1500 2278 1551 2339; x_wconf 92' lang='lat' dir='ltr'>e</span> <span class='ocrx_word' id='word_1_143' title='bbox 1594 2250 1817 2340; x_wconf 92' lang='lat' dir='ltr'>ludo</span> <span class='ocrx_word' id='word_1_144' title='bbox 1840 2252 1940 2340; x_wconf 87' lang='lat' dir='ltr'>ad</span> <span class='ocrx_word' id='word_1_145' title='bbox 1972 2280 2212 2341; x_wconf 87' lang='lat' dir='ltr'>arma</span> <span class='ocrx_word' id='word_1_146' title='bbox 2254 2273 2554 2371; x_wconf 86' lang='lat' dir='ltr'>vocata</span> <span class='ocrx_word' id='word_1_147' title='bbox 2591 2254 2978 2379; x_wconf 62' lang='lat' dir='ltr'>jactantia</span> 
     </span>
     <span class='ocr_line' id='line_1_16' title="bbox 178 2386 2978 2510; baseline -0.001 -24.103"><span class='ocrx_word' id='word_1_148' title='bbox 178 2452 229 2504; x_wconf 84' lang='lat'>„</span> <span class='ocrx_word' id='word_1_149' title='bbox 284 2419 369 2481; x_wconf 78' lang='lat' dir='ltr'>ac</span> <span class='ocrx_word' id='word_1_150' title='bbox 432 2392 919 2482; x_wconf 83' lang='lat' dir='ltr'>temeritate</span> <span class='ocrx_word' id='word_1_151' title='bbox 978 2386 1336 2479; x_wconf 85' lang='lat' dir='ltr'>inflatior</span> <span class='ocrx_word' id='word_1_152' title='bbox 1376 2456 1405 2502; x_wconf 92' lang='lat'>,</span> <span class='ocrx_word' id='word_1_153' title='bbox 1498 2416 1797 2506; x_wconf 73' lang='lat' dir='ltr'>quam</span> <span class='ocrx_word' id='word_1_154' title='bbox 1784 2390 2146 2481; x_wconf 89' lang='lat' dir='ltr'>viribus</span> <span class='ocrx_word' id='word_1_155' title='bbox 2215 2392 2730 2510; x_wconf 72' lang='lat' dir='ltr'>confilidque</span> <span class='ocrx_word' id='word_1_156' title='bbox 2777 2386 2978 2483; x_wconf 83' lang='lat' dir='ltr'>vali</span> 
     </span>
     <span class='ocr_line' id='line_1_17' title="bbox 80 2518 2976 2665; baseline 0 -45"><span class='ocrx_word' id='word_1_157' title='bbox 80 2518 145 2665; x_wconf 51' lang='lat' dir='ltr'>l·</span> <span class='ocrx_word' id='word_1_158' title='bbox 172 2591 225 2642; x_wconf 84' lang='lat'>„</span> <span class='ocrx_word' id='word_1_159' title='bbox 288 2533 495 2634; x_wconf 82' lang='grc' dir='ltr'>ιιιοι·</span> <span class='ocrx_word' id='word_1_160' title='bbox 606 2519 1019 2630; x_wconf 85' lang='lat' dir='ltr'>Habetis</span> <span class='ocrx_word' id='word_1_161' title='bbox 1071 2527 1243 2641; x_wconf 85' lang='lat' dir='ltr'>jam</span> <span class='ocrx_word' id='word_1_162' title='bbox 1300 2528 1389 2619; x_wconf 71' lang='lat' dir='ltr'>&amp;c</span> <span class='ocrx_word' id='word_1_163' title='bbox 1438 2557 1619 2644; x_wconf 83' lang='lat' dir='ltr'>quae</span> <span class='ocrx_word' id='word_1_164' title='bbox 1673 2529 1905 2618; x_wconf 83' lang='lat' dir='ltr'>viros</span> <span class='ocrx_word' id='word_1_165' title='bbox 1968 2523 2560 2643; x_wconf 85' lang='lat' dir='ltr'>circumstent,</span> <span class='ocrx_word' id='word_1_166' title='bbox 2633 2533 2724 2620; x_wconf 70' lang='grc' dir='ltr'>δε</span> <span class='ocrx_word' id='word_1_167' title='bbox 2792 2552 2976 2649; x_wconf 78' lang='lat' dir='ltr'>quae</span> 
     </span>
     <span class='ocr_line' id='line_1_18' title="bbox 170 2665 2972 2782; baseline -0.001 -24"><span class='ocrx_word' id='word_1_168' title='bbox 170 2723 221 2782; x_wconf 75' lang='lat'>„</span> <span class='ocrx_word' id='word_1_169' title='bbox 278 2667 611 2760; x_wconf 79' lang='lat' dir='ltr'>fortuna</span> <span class='ocrx_word' id='word_1_170' title='bbox 650 2670 915 2757; x_wconf 85' lang='lat' dir='ltr'>nostra</span> <span class='ocrx_word' id='word_1_171' title='bbox 960 2666 1058 2756; x_wconf 87' lang='lat' dir='ltr'>fit</span> <span class='ocrx_word' id='word_1_172' title='bbox 1094 2695 1127 2778; x_wconf 65' lang='grc' dir='ltr'>ς</span> <span class='ocrx_word' id='word_1_173' title='bbox 1180 2693 1419 2768; x_wconf 62' lang='grc' dir='ltr'>,ιιιιιιε</span> <span class='ocrx_word' id='word_1_174' title='bbox 1458 2667 1545 2754; x_wconf 85' lang='grc' dir='ltr'>ιιι</span> <span class='ocrx_word' id='word_1_175' title='bbox 1577 2693 1757 2756; x_wconf 87' lang='lat' dir='ltr'>rem</span> <span class='ocrx_word' id='word_1_176' title='bbox 1816 2665 2250 2759; x_wconf 88' lang='lat' dir='ltr'>consulite.</span> <span class='ocrx_word' id='word_1_177' title='bbox 2388 2666 2484 2756; x_wconf 90' lang='lat' dir='ltr'>Si</span> <span class='ocrx_word' id='word_1_178' title='bbox 2535 2693 2684 2782; x_wconf 86' lang='lat' dir='ltr'>per</span> <span class='ocrx_word' id='word_1_179' title='bbox 2751 2670 2972 2782; x_wconf 77' lang='lat' dir='ltr'>igna-</span> 
     </span>
     <span class='ocr_line' id='line_1_19' title="bbox 124 2795 2983 2922; baseline -0.001 -24"><span class='ocrx_word' id='word_1_180' title='bbox 124 2842 211 2918; x_wconf 82' lang='lat'>·„</span> <span class='ocrx_word' id='word_1_181' title='bbox 272 2810 499 2898; x_wconf 79' lang='lat' dir='ltr'>viam</span> <span class='ocrx_word' id='word_1_182' title='bbox 542 2805 857 2896; x_wconf 85' lang='lat' dir='ltr'>servire</span> <span class='ocrx_word' id='word_1_183' title='bbox 898 2803 1159 2894; x_wconf 90' lang='lat' dir='ltr'>vultis</span> <span class='ocrx_word' id='word_1_184' title='bbox 1208 2870 1235 2915; x_wconf 85' lang='lat'><strong>,</strong></span> <span class='ocrx_word' id='word_1_185' title='bbox 1302 2804 1580 2894; x_wconf 82' lang='lat' dir='ltr'>valeat</span> <span class='ocrx_word' id='word_1_186' title='bbox 1634 2805 1907 2895; x_wconf 88' lang='lat' dir='ltr'>natale</span> <span class='ocrx_word' id='word_1_187' title='bbox 1969 2795 2232 2896; x_wconf 89' lang='lat' dir='ltr'>solum</span> <span class='ocrx_word' id='word_1_188' title='bbox 2275 2800 2672 2922; x_wconf 83' lang='lat' dir='ltr'>Bohemia</span> <span class='ocrx_word' id='word_1_189' title='bbox 2711 2873 2740 2918; x_wconf 92' lang='lat'>,</span> <span class='ocrx_word' id='word_1_190' title='bbox 2815 2807 2983 2896; x_wconf 70' lang='lat' dir='ltr'>alia</span> 
     </span>
     <span class='ocr_line' id='line_1_20' title="bbox 162 2939 2974 3059; baseline -0.001 -23"><span class='ocrx_word' id='word_1_191' title='bbox 162 3007 213 3059; x_wconf 87' lang='lat'>„</span> <span class='ocrx_word' id='word_1_192' title='bbox 268 2947 479 3036; x_wconf 82' lang='lat' dir='ltr'>mihi</span> <span class='ocrx_word' id='word_1_193' title='bbox 517 2967 737 3036; x_wconf 85' lang='lat' dir='ltr'>terra</span> <span class='ocrx_word' id='word_1_194' title='bbox 780 2939 1509 3058; x_wconf 81' lang='lat' dir='ltr'>circumspicienda</span> <span class='ocrx_word' id='word_1_195' title='bbox 1550 3010 1577 3055; x_wconf 93' lang='lat'>‚</span> <span class='ocrx_word' id='word_1_196' title='bbox 1652 2969 1812 3058; x_wconf 89' lang='lat' dir='ltr'>nec</span> <span class='ocrx_word' id='word_1_197' title='bbox 1851 2942 2136 3036; x_wconf 84' lang='lat' dir='ltr'>liberae</span> <span class='ocrx_word' id='word_1_198' title='bbox 2177 2945 2474 3036; x_wconf 87' lang='lat' dir='ltr'>virtuti</span> <span class='ocrx_word' id='word_1_199' title='bbox 2516 2945 2750 3058; x_wconf 81' lang='lat' dir='ltr'>locus</span> <span class='ocrx_word' id='word_1_200' title='bbox 2796 2945 2974 3034; x_wconf 75' lang='lat' dir='ltr'>ido·</span> 
     </span>
     <span class='ocr_line' id='line_1_21' title="bbox 158 3079 2976 3199; baseline -0.001 -24"><span class='ocrx_word' id='word_1_201' title='bbox 158 3145 215 3196; x_wconf 83' lang='lat'>,‚</span> <span class='ocrx_word' id='word_1_202' title='bbox 274 3113 489 3176; x_wconf 85' lang='lat' dir='ltr'>neus</span> <span class='ocrx_word' id='word_1_203' title='bbox 544 3079 819 3174; x_wconf 82' lang='lat' dir='ltr'>deess&#39;e</span> <span class='ocrx_word' id='word_1_204' title='bbox 884 3081 1203 3198; x_wconf 89' lang='lat' dir='ltr'>poterit</span> <span class='ocrx_word' id='word_1_205' title='bbox 1234 3141 1265 3196; x_wconf 86' lang='lat'>,</span> <span class='ocrx_word' id='word_1_206' title='bbox 1330 3079 1990 3199; x_wconf 68' lang='lat' dir='ltr'>fortunatusque.</span> <span class='ocrx_word' id='word_1_207' title='bbox 2137 3079 2286 3172; x_wconf 88' lang='lat' dir='ltr'>Sin</span> <span class='ocrx_word' id='word_1_208' title='bbox 2345 3107 2499 3199; x_wconf 89' lang='lat' dir='ltr'>per</span> <span class='ocrx_word' id='word_1_209' title='bbox 2561 3082 2976 3173; x_wconf 82' lang='lat' dir='ltr'>virtutem</span> 
     </span>
     <span class='ocr_line' id='line_1_22' title="bbox 158 3217 2968 3340; baseline -0.002 -27.76"><span class='ocrx_word' id='word_1_210' title='bbox 158 3224 678 3340; x_wconf 79' lang='lat' dir='ltr'>„imperare</span> <span class='ocrx_word' id='word_1_211' title='bbox 748 3219 1215 3328; x_wconf 81' lang='lat' dir='ltr'>mavultis,</span> <span class='ocrx_word' id='word_1_212' title='bbox 1306 3237 1489 3309; x_wconf 88' lang='lat' dir='ltr'>tum</span> <span class='ocrx_word' id='word_1_213' title='bbox 1570 3219 1801 3310; x_wconf 89' lang='lat' dir='ltr'>enim</span> <span class='ocrx_word' id='word_1_214' title='bbox 1862 3221 2163 3310; x_wconf 89' lang='lat' dir='ltr'>ducem</span> <span class='ocrx_word' id='word_1_215' title='bbox 2226 3246 2428 3332; x_wconf 88' lang='lat' dir='ltr'>me,</span> <span class='ocrx_word' id='word_1_216' title='bbox 2494 3217 2968 3336; x_wconf 78' lang='lat' dir='ltr'>sociamque</span> 
     </span>
     <span class='ocr_line' id='line_1_23' title="bbox 103 3346 3066 3482; baseline -0.002 -30"><span class='ocrx_word' id='word_1_217' title='bbox 103 3396 205 3476; x_wconf 69' lang='lat'>·„</span> <span class='ocrx_word' id='word_1_218' title='bbox 270 3381 449 3452; x_wconf 81' lang='lat' dir='ltr'>tam</span> <span class='ocrx_word' id='word_1_219' title='bbox 488 3361 809 3477; x_wconf 88' lang='lat' dir='ltr'>pulchri</span> <span class='ocrx_word' id='word_1_220' title='bbox 854 3357 1167 3450; x_wconf 83' lang='lat' dir='ltr'>confilii</span> <span class='ocrx_word' id='word_1_221' title='bbox 1209 3357 1691 3448; x_wconf 86' lang='lat' dir='ltr'>habebitis·</span> <span class='ocrx_word' id='word_1_222' title='bbox 1667 3414 1695 3470; x_wconf 83' lang='lat'>,</span> <span class='ocrx_word' id='word_1_223' title='bbox 1762 3361 2040 3474; x_wconf 88' lang='lat' dir='ltr'>neque</span> <span class='ocrx_word' id='word_1_224' title='bbox 2098 3359 2328 3447; x_wconf 88' lang='lat' dir='ltr'>enim</span> <span class='ocrx_word' id='word_1_225' title='bbox 2366 3383 2527 3452; x_wconf 83' lang='lat' dir='ltr'>vos</span> <span class='ocrx_word' id='word_1_226' title='bbox 2591 3385 2682 3444; x_wconf 83' lang='grc' dir='ltr'>,ιι</span> <span class='ocrx_word' id='word_1_227' title='bbox 2725 3373 2966 3482; x_wconf 82' lang='lat' dir='ltr'>tanto</span> <span class='ocrx_word' id='word_1_228' title='bbox 3058 3346 3066 3353; x_wconf 71' lang='grc'><strong>’</strong></span> 
     </span>
     <span class='ocr_line' id='line_1_24' title="bbox 144 3491 2968 3618; baseline -0.001 -27.826"><span class='ocrx_word' id='word_1_229' title='bbox 144 3500 645 3618; x_wconf 80' lang='lat' dir='ltr'>„facinore</span> <span class='ocrx_word' id='word_1_230' title='bbox 691 3497 1069 3588; x_wconf 87' lang='lat' dir='ltr'>deserere</span> <span class='ocrx_word' id='word_1_231' title='bbox 1112 3515 1253 3585; x_wconf 88' lang='lat' dir='ltr'>aut</span> <span class='ocrx_word' id='word_1_232' title='bbox 1294 3493 1421 3584; x_wconf 85' lang='lat' dir='ltr'>fas</span> <span class='ocrx_word' id='word_1_233' title='bbox 1446 3559 1493 3609; x_wconf 87' lang='lat'>,</span> <span class='ocrx_word' id='word_1_234' title='bbox 1563 3514 1705 3585; x_wconf 88' lang='lat' dir='ltr'>aut</span> <span class='ocrx_word' id='word_1_235' title='bbox 1744 3497 2064 3586; x_wconf 85' lang='lat' dir='ltr'>animus</span> <span class='ocrx_word' id='word_1_236' title='bbox 2113 3499 2256 3587; x_wconf 84' lang='lat' dir='ltr'>est..</span> <span class='ocrx_word' id='word_1_237' title='bbox 2325 3563 2383 3609; x_wconf 87' lang='lat'>‚,</span> <span class='ocrx_word' id='word_1_238' title='bbox 2459 3605 2468 3612; x_wconf 34' lang='grc'>,</span> <span class='ocrx_word' id='word_1_239' title='bbox 2511 3491 2725 3586; x_wconf 87' lang='lat' dir='ltr'>Haec</span> <span class='ocrx_word' id='word_1_240' title='bbox 2771 3520 2968 3586; x_wconf 85' lang='lat' dir='ltr'>cum</span> 
     </span>
     <span class='ocr_line' id='line_1_25' title="bbox 115 3596 2968 3752; baseline -0.001 -24"><span class='ocrx_word' id='word_1_241' title='bbox 115 3633 529 3752; x_wconf 60' lang='lat' dir='ltr'>uixisset,</span> <span class='ocrx_word' id='word_1_242' title='bbox 564 3635 896 3728; x_wconf 77' lang='lat' dir='ltr'>resedit.</span> <span class='ocrx_word' id='word_1_243' title='bbox 974 3619 1083 3719; x_wconf 77' lang='lat' dir='ltr'>(h)</span> <span class='ocrx_word' id='word_1_244' title='bbox 1214 3596 1353 3723; x_wconf 78' lang='lat' dir='ltr'>At</span> <span class='ocrx_word' id='word_1_245' title='bbox 1390 3631 1715 3724; x_wconf 84' lang='lat' dir='ltr'>Stratka</span> <span class='ocrx_word' id='word_1_246' title='bbox 1760 3635 2074 3748; x_wconf 84' lang='lat' dir='ltr'>infigne</span> <span class='ocrx_word' id='word_1_247' title='bbox 2113 3633 2543 3726; x_wconf 86' lang='lat' dir='ltr'>muliebris</span> <span class='ocrx_word' id='word_1_248' title='bbox 2579 3631 2968 3724; x_wconf 67' lang='lat' dir='ltr'>versutiae</span> 
     </span>
     <span class='ocr_line' id='line_1_26' title="bbox 101 3769 2964 3894; baseline -0.001 -28"><span class='ocrx_word' id='word_1_249' title='bbox 101 3774 661 3894; x_wconf 65' lang='lat' dir='ltr'>:nuneiaeque</span> <span class='ocrx_word' id='word_1_250' title='bbox 732 3777 1161 3893; x_wconf 80' lang='lat' dir='ltr'>exemplar</span> <span class='ocrx_word' id='word_1_251' title='bbox 1248 3769 1731 3886; x_wconf 70' lang='lat' dir='ltr'>afim-gens,</span> <span class='ocrx_word' id='word_1_252' title='bbox 1799 3774 1889 3861; x_wconf 89' lang='lat' dir='ltr'>in</span> <span class='ocrx_word' id='word_1_253' title='bbox 1956 3782 2129 3864; x_wconf 82' lang='lat' dir='ltr'>haec</span> <span class='ocrx_word' id='word_1_254' title='bbox 2233 3774 2492 3864; x_wconf 85' lang='lat' dir='ltr'>verba</span> <span class='ocrx_word' id='word_1_255' title='bbox 2574 3774 2964 3889; x_wconf 85' lang='lat' dir='ltr'>erumpit.</span> 
     </span>
     <span class='ocr_line' id='line_1_27' title="bbox 144 3897 3348 4030; baseline -0.003 -22"><span class='ocrx_word' id='word_1_256' title='bbox 144 3973 215 4030; x_wconf 67' lang='lat'>‚0</span> <span class='ocrx_word' id='word_1_257' title='bbox 274 3911 717 4008; x_wconf 79' lang='lat' dir='ltr'>Intellexit</span> <span class='ocrx_word' id='word_1_258' title='bbox 781 3912 973 4003; x_wconf 85' lang='lat' dir='ltr'>sane</span> <span class='ocrx_word' id='word_1_259' title='bbox 1026 3907 1401 4006; x_wconf 86' lang='lat' dir='ltr'>universa</span> <span class='ocrx_word' id='word_1_260' title='bbox 1468 3937 1746 4000; x_wconf 86' lang='lat' dir='ltr'>coram</span> <span class='ocrx_word' id='word_1_261' title='bbox 1816 3913 2192 4025; x_wconf 78' lang='lat' dir='ltr'>concie,</span> <span class='ocrx_word' id='word_1_262' title='bbox 2271 3939 2452 4027; x_wconf 86' lang='lat' dir='ltr'>quae</span> <span class='ocrx_word' id='word_1_263' title='bbox 2523 3910 2680 4000; x_wconf 87' lang='lat' dir='ltr'>fint</span> <span class='ocrx_word' id='word_1_264' title='bbox 2742 3901 2972 4001; x_wconf 84' lang='lat' dir='ltr'>sensa</span> <span class='ocrx_word' id='word_1_265' title='bbox 3109 3897 3348 3982; x_wconf 55' lang='lat' dir='ltr'>&amp;mh</span> 
     </span>
    </p>
   </div>
   <div class='ocr_carea' id='block_1_3' title="bbox 138 3992 3288 4308">
    <p class='ocr_par' dir='ltr' id='par_1_3' title="bbox 138 3992 3288 4308">
     <span class='ocr_line' id='line_1_28' title="bbox 138 3992 3288 4281; baseline -0.004 -129"><span class='ocrx_word' id='word_1_266' title='bbox 138 4117 211 4170; x_wconf 84' lang='lat'><em>„</em></span> <span class='ocrx_word' id='word_1_267' title='bbox 268 4057 529 4152; x_wconf 78' lang='lat' dir='ltr'>animi</span> <span class='ocrx_word' id='word_1_268' title='bbox 591 4055 723 4148; x_wconf 88' lang='lat' dir='ltr'>tui</span> <span class='ocrx_word' id='word_1_269' title='bbox 783 4041 1173 4189; x_wconf 83' lang='lat' dir='ltr'>Wlasta‚</span> <span class='ocrx_word' id='word_1_270' title='bbox 1242 4079 1298 4140; x_wconf 94' lang='lat' dir='ltr'>o</span> <span class='ocrx_word' id='word_1_271' title='bbox 1354 4050 1721 4281; x_wconf 55' lang='grc' dir='ltr'>ιιιιὲςιὲε</span> <span class='ocrx_word' id='word_1_272' title='bbox 1729 4041 2008 4177; x_wconf 76' lang='lat' dir='ltr'>decus}</span> <span class='ocrx_word' id='word_1_273' title='bbox 2043 4043 2441 4166; x_wconf 82' lang='lat' dir='ltr'>virgineae</span> <span class='ocrx_word' id='word_1_274' title='bbox 2505 4047 2975 4141; x_wconf 86' lang='lat' dir='ltr'>nobilitatis</span> <span class='ocrx_word' id='word_1_275' title='bbox 2995 3992 3288 4074; x_wconf 52' lang='lat' dir='ltr'>“m</span> 
     </span>
     <span class='ocr_line' id='line_1_29' title="bbox 1054 4189 2839 4308; baseline -0.002 -27"><span class='ocrx_word' id='word_1_276' title='bbox 1054 4213 1057 4218; x_wconf 88' lang='grc'><em>·</em></span> <span class='ocrx_word' id='word_1_277' title='bbox 2544 4257 2603 4308; x_wconf 85' lang='grc'>,,</span> <span class='ocrx_word' id='word_1_278' title='bbox 2674 4189 2839 4282; x_wconf 84' lang='lat' dir='ltr'>vir</span> 
     </span>
    </p>
   </div>
   <div class='ocr_carea' id='block_1_4' title="bbox 80 1589 90 2196">
    <p class='ocr_par' dir='ltr' id='par_1_4' title="bbox 80 1589 90 2196">
     <span class='ocr_line' id='line_1_30' title="bbox 80 1589 90 1658; baseline 0 0"><span class='ocrx_word' id='word_1_279' title='bbox 80 1589 90 1658; x_wconf 70' lang='lat' dir='ltr'><strong>f</strong></span> 
     </span>
     <span class='ocr_line' id='line_1_31' title="bbox 82 1661 87 1742; baseline 0 0"><span class='ocrx_word' id='word_1_280' title='bbox 82 1661 87 1742; x_wconf 67' lang='grc' dir='ltr'>ἱ</span> 
     </span>
     <span class='ocr_line' id='line_1_32' title="bbox 82 1743 85 1822; baseline 0 0"><span class='ocrx_word' id='word_1_281' title='bbox 82 1743 85 1822; x_wconf 58' lang='grc' dir='ltr'>ι</span> 
     </span>
     <span class='ocr_line' id='line_1_33' title="bbox 82 1861 85 1904; baseline 0 0"><span class='ocrx_word' id='word_1_282' title='bbox 82 1861 85 1904; x_wconf 86' lang='grc' dir='ltr'>ι</span> 
     </span>
     <span class='ocr_line' id='line_1_34' title="bbox 82 1993 85 2034; baseline 0 0"><span class='ocrx_word' id='word_1_283' title='bbox 82 1993 85 2034; x_wconf 85' lang='grc' dir='ltr'>ι</span> 
     </span>
     <span class='ocr_line' id='line_1_35' title="bbox 82 2151 85 2196; baseline 0 0"><span class='ocrx_word' id='word_1_284' title='bbox 82 2151 85 2196; x_wconf 85' lang='grc' dir='ltr'>ι</span> 
     </span>
    </p>
   </div>
   <div class='ocr_carea' id='block_1_5' title="bbox 76 2667 185 4966">
    <p class='ocr_par' dir='ltr' id='par_1_5' title="bbox 76 2667 185 4966">
     <span class='ocr_line' id='line_1_36' title="bbox 76 2667 108 3259; baseline 0 -140"><span class='ocrx_word' id='word_1_285' title='bbox 76 2667 108 3259; x_wconf 95' lang='lat' dir='ltr'>    </span> 
     </span>
     <span class='ocr_line' id='line_1_37' title="bbox 76 3555 185 4966; baseline 0 -732"><span class='ocrx_word' id='word_1_286' title='bbox 76 3555 185 4966; x_wconf 95' lang='lat' dir='ltr'>     </span> 
     </span>
    </p>
   </div>
  </div>
 </body>
</html>
