3984 5000
938 354 1092 431 314
1771 358 1776 361 ·
2016 356 2021 361 ·
2088 276 2429 406 'Auitus
2476 346 2653 426 ¹770.
2717 332 2727 339 '

825 470 832 475 ’
944 480 1198 587 procul
1235 477 1462 560 dubio
1499 480 1742 563 locum
1769 475 1950 573 olim
1987 452 2432 588 inter-‘leges-
2480 470 2787 552 Slavicas
2830 473 3121 569 habuit,
3164 476 3793 589 quemadmodum

945 582 1160 660 etiam
1191 580 1283 657 de
1315 579 1600 658 Francis
1628 579 1704 657 in
1734 576 1897 654 aci'tis
1933 575 2291 653 Lud0v1c1
2329 578 2440 650 Pu
2469 575 2712 678 legere
2748 573 2873 651 est.
2998 574 3345 659 Ceterum
3387 605 3621 680 autem
3652 608 3786 663 nn·

944 702 1020 757 te
1087 681 1629 763 Germanorum
1676 704 1766 756 ex
1823 674 1995 755 etita
2039 672 2406 754 connubia
2448 684 2772 777 'gentem
2823 670 3138 753 nostram
3190 676 3559 759 affinitates
3608 706 3791 765 cum

565 794 832 882 Poopby.
850 792 919 861 ele
945 778 1261 887 Ungaris
1285 776 1712 863 contraxisse
1799 800 1964 854 ocet
1983 800 2137 853 nos
2180 772 2866 879 Porphyrogenitus
2922 773 3037 853 his
3070 774 3307 855 verbis
3324 808 3349 859 ε
3398 783 3785 881 Affinitatem

474 882 744 1054 ζᾶνςιιηιβ
768 880 910 965 Imp·
943 911 1083 966 eum
1121 890 1340 967 Turcis
1373 878 1464 955 v*
1491 888 1834 957 amcitiam
1863 882 2254 955 contrahunt.

1755 1192 2497 1347 ANNUS
2654 1262 2910 1375 770.

1239 1472 1493 1572 ffoss‘ae
1529 1502 1794 1595 nuper
1835 1504 2044 1593 opes
2070 1546 2099 1591 ,
2168 1479 2260 1571 δε
2295 1478 2519 1599 quod
2560 1478 2745 1570 fieri
2784 1494 3055 1595 amat,
3110 1472 3545 1572 immodici
3576 1503 3813 1575 cum-

797 1638 807 1651 ·
955 1476 1237 1843 E
1308 1620 1412 1707 iis
1453 1614 1832 1735 spiritus3
1901 1612 2224 1730 Bytizo
2270 1618 2543 1732 capite
2583 1621 3010 1713 steterunt.
3224 1615 3563 1735 Nempe
3602 1650 3773 1713 non

1316 1756 1695 1875 capiebat
1733 1752 2228 1873 ptaesentem
2266 1754 2765 1847 felicitatem
2805 1758 3030 1849 rudis
3082 1757 3187 1846 ad
3216 1756 3570 1847 alteram
3610 1756 3770 1849 lbr-

948 1920 1132 1992 tem
1166 1898 1525 1989 hominis
1565 1893 1883 1985 animus
1911 1961 1938 2007 ‚
2004 1918 2101 1981 ac
2142 1895 2414 1984 veluti
2450 1896 2509 1987 s1
2548 1896 2815 2009 digito
2857 1896 3031 2013 jam
3090 1895 3425 2023 coelum‘
3468 1895 3775 2011 attigis-

947 2039 1077 2131 set
1101 2108 1127 2153 ‚
1207 2033 1628 2161 ipsamque
1687 2060 1936 2121 manu
2010 2030 2353 2149 cepifl'et
2418 2030 2843 2125 fortunam
2926 2034 3352 2126 barbarico
3415 2037 3769 2152 quodam

947 2176 1158 2269 fastu
1239 2175 1332 2263 in
1393 2169 1732 2265 servitia
1783 2168 2047 2261 saevus
2073 2238 2101 2285 ,
2198 2174 2643 2289 aequalibus
2708 2176 2987 2287 gravis
3028 2245 3061 2288 ,
3144 2174 3243 2264 in
3296 2167 3809 2290 Principem,

945 2330 1402 2411 contumax
1425 2379 1452 2428 ,
1518 2336 1679 2401 nec
1715 2306 2207 2401 inferiorum
2251 2308 2639 2428 obsequia
2662 2382 2688 2427 ,
2760 2340 2921 2405 nec
2960 2312 3279 2429 parium
3330 2314 3770 2427 amicitias,

947 2450 1218 2552 multo
1253 2451 1528 2542 minus
1559 2444 2003 2568 superioris
2038 2449 2479 2567 imperium
2523 2478 2762 2572 aequo
2824 2452 3104 2547 animo
3158 2446 3333 2566 pati
3408 2466 3812 2568 poterat„
3972 2503 3983 2512 -

937 2591 1280 2711 jamque
1354 2588 1818 2680 desciverat
1881 2605 2169 2708 aperte
2206 2656 2236 2702 ,
2346 2589 2949 2708 vectigalisqoe
3038 2615 3213 2682 non
3276 2590 3531 2678 modo
3596 2587 3769 2682 efl'e

945 2725 1314 2846 Principi
1372 2723 1837 2838 recusabat,
1925 2719 2076 2812 sed
2130 2726 2223 2816 ὃς
2288 2745 2795 2824 nocumenta
2859 2755 3205 2847 quaeque
3285 2727 3766 2848 imprudens

857 2931 882 2948 ,
945 2867 1403 2966 adferebat.
1511 2985 1519 2994 .
1609 2861 1908 2986 Itaque
1945 2863 2217 2982 patuit
2257 2865 2463 2957 nihil
2500 2865 2667 2958 effe
2701 2892 2979 2984 neque
3018 2888 3193 2969 tam
3234 2865 3505 2998 dirum
3526 2936 3557 2982 ‚
3624 2895 3769 2972 ne-

943 3031 1112 3119 que
1154 3024 1328 3106 tam
1361 3021 1606 3106 atrox
1625 3068 1655 3116 ,
1721 3025 1982 3120 quam·
2032 2997 2367 3094 fallaces
2430 3003 2821 3119 pecunias
2848 3072 2877 3120 ‚
2944 3007 3007 3098 fi
3060 3003 3431 3100 incidant
3486 3006 3769 3098 animo

937 3142 1154 3256 rudi,
1184 3139 1440 3260 seque
1477 3142 1952 3259 inexperto,
2108 3137 2283 3230 Sed
2322 3143 2527 3232 nihil
2560 3172 2669 3234 eo
2708 3142 3125 3259 indignius
3146 3211 3175 3260 ‚
3252 3170 3500 3261 quam
3544 3147 3771 3262 quod

944 3281 1036 3378 in
1073 3277 1500 3398 Principis.
1518 3279 1952 3396 exactores
1987 3273 2223 3370 ausus
2260 3283 2379 3386 est
2418 3291 2675 3374 homo
2718 3309 3051 3384 vecors.
3210 3279 3453 3396 Mjfit
3493 3281 3767 3378 Nez'a-

942 3421 1272 3535 myslus
1318 3416 1851 3534 vestig-alium
1895 3435 2315 3510 curatores
2342 3491 2367 3535 ,
2420 3407 2525 3512 (¹⁸)
2594 3426 2736 3541 qui
2774 3422 3202 3524 hominem
3238 3422 3764 3515 mediocrita-

945 3560 1062 3652 tis
1107 3557 1533 3675 officiique
1571 3557 1693 3648 sui
1737 3579 2378 3652 commonerent
2398 3627 2426 3673 ‚
2502 3560 2594 3660 δε
2638 3563 2746 3654 de
2811 3587 3049 3650 more
3114 3562 3530 3655 tributum
3590 3564 3773 3657 exi·-

940 3717 1276 3810 gerent.
1481 3693 1728 3800 Quos
1765 3697 1912 3792 ille
1957 3695 2244 3786 verbis
2286 3697 2627 3810 indigne
2669 3693 3067 3793 uastatos
3104 3728 3299 3798 cum
3352 3703 3769 3816 eiusmodi

945 3833 1330 3948 responso
1375 3835 1478 3926 ad
1514 3829 1988 3953 Principem
2028 3835 2381 3930 remifit:
2454 3903 2511 3951 „
2550 3833 2831 3950 kent,-
2905 3837 3431 3956 Nezamyslo
3466 3846 3772 3936 indica-

947 4037 1006 4090 „
1049 3992 1284 4090 rent,
1351 3977 1412 4076 fi
1451 3976 1842 4072 molestus
1879 3971 2385 4106 tributorum
2427 3977 2771 4067 exactor
2802 3973 2987 4072 ‘ess'e
3050 4001 3346 4101 pergat
3364 3981 3435 4096 ,‘
3468 3983 3765 4072 tributi

950 4175 1008 4226 n
1053 4110 1248 4202 loco
1286 4109 1374 4208 se
1407 4114 1498 4207 se
1522 4116 1611 4208 ei
1654 4135 2130 4233 argenteam
2167 4141 2455 4231 parare
2490 4099 2788 4210 restem
2806 4185 2839 4236 ‚
2906 4151 3067 4244 qua
3104 4125 3195 4212 in
3243 4115 3557 4214 furcam
3624 4143 3769 4204 ac«
3898 4235 3906 4241 ἱ

3330 4313 3387 4371 „
3426 4271 3609 4340 tum
3760 4313 3851 4404 N.
