3984 5000
1305 370 2015 455 szrzomrsu
2080 392 2207 451 20.
3052 392 3193 477 535

317 552 698 675 ciperent
753 576 804 641 a
868 539 1292 638 Moraviae
1359 539 1776 633 limitibus
1852 568 2009 660 per
2054 536 2481 633 montium
2538 536 2737 657 juga
2798 566 3181 662 aggeres,
3298 594 3341 671 ,—

313 698 900 831 triplicemque
935 686 1332 777 arborum
1372 683 1859 776 coucaedem
1901 678 2233 798 facere,
2275 700 2463 773 tum
2512 680 2701 774 loca
2726 753 2752 801 ,
2818 714 2978 805 qua
3006 712 3182 781 me·

311 860 447 932 tus
520 854 763 948 erat,
837 822 1351 931 Moravum
1383 844 1888 942 venturum,
1973 825 2519 955 cohortibuS,
2604 823 3181 950 machinisque

310 980 574 1101 probe
625 976 1079 1067 munirent.
1291 964 1488 1063 Post
1545 988 1828 1063 tantos
1869 988 2302 1088 apparatus
2348 970 2733 1063 tentabat
2767 969 2959 1065 sane
3002 972 3181 1091 ple*

165 1220 192 1227 ,
305 1122 434 1213 nis
499 1118 970 1234 agminibus
1045 1114 1132 1204 in
1198 1106 1642 1205 Boemiam
1723 1110 2042 1203 aditum
2113 1106 2579 1273 Moravus,
2630 1101 2731 1197 (ὂ)
2830 1112 3177 1234 jamque

309 1244 680 1391 objeEt'as
749 1262 1137 1351 arborum
1196 1256 1455 1346 strues
1517 1250 2041 1373 discerpere,
2118 1252 2467 1368 injicere
2528 1254 2857 1371 ignem·
2834 1322 2861 1368 ,
2979 1282 3176 1349 cum

305 1400 664 1497 Bohemi
709 1430 892 1497 rem
939 1397 1222 1492 edocti
1263 1386 1586 1517 sagittis
1654 1398 1973 1489 hostem
2046 1416 2380 1511 arcent,
2458 1398 2910 1515 graviaque
2963 1399 3175 1489 111111

303 1549 516 1663 gunt
557 1546 933 1639 vulnera.
1149 1534 1578 1644 Quievit
1555 1540 1812 1657 igitur
1855 1540 2041 1631 dies
2088 1538 2411 1699 aliquot
2452 1540 2701 1631 miles
2746 1534 3168 1633 Moravus

298 1681 630 1805 Regem
679 1683 914 1777 suum
980 1708 1174 1798 cum
1239 1683 1670 1773 exercitus
1735 1682 2048 1773 robore
2108 1682 2531 1799 operiens.
2752 1680 2925 1773 Sed
2968 1711 3168 1775 eum

301 1829 728 1923 turbinem
773 1856 880 1919 av
879 1826 1114 1919 ertit
1130 1824 1219 1915 in
1285 1820 1376 1915 se
1415 1820 1862 1941 improvisa
1907 1821 2567 1938 Hungarorum
2542 1850 2637 1913 111
2674 1808 3163 1917 Moraviam
3262 1841 3529 1937 Qasr
3567 1860 3631 1919 en

292 1969 642 2087 irruptio
683 1971 936 2062 obvia
983 1992 1332 2087 quaeque
1377 1958 1825 2059 miserabili
1871 1967 2107 2057 clade
2170 1993 2413 2057 more
2479 1967 2881 2059 torrentis
2914 1966 3087 2061 11111
3068 1925 3513 2113 iimssm
3538 1948 3621 2004 ¹*

297 2111 866 2213 sternentium.
925 2096 1022 2198 (θ)
1207 2108 1452 2199 Cum
1517 2109 1776 2225 igitur
1813 2109 2347 2201 adventantis
2388 2108 2822 2201 exercitus
2878 2105 3024 2229 spe
3072 2107 3160 2205 se
3319 2160 3340 2180 ι

299 2252 676 2375 dejetSios
735 2250 1146 2347 sentirent
1175 2246 1524 2344 Moravi
1549 2321 1575 2367 ,
1639 2268 1872 2384 igtro
1900 2320 1928 2369 ,
2002 2280 2163 2372 qua
2226 2272 2640 2346 venerant
2674 2320 2699 2367 ,
2756 2252 2991 2343 viam
3037 2280 3169 2347 ca·

289 2394 564 2517 piunt,
601 2392 1106 2517 Regemque
1136 2388 1374 2486 suum
1419 2405 1709 2485 contra
1753 2388 2207 2522 Hungaros
2247 2390 2925 2513 proficiscentem
2966 2421 3164 2487 con-

288 2533 608 2655 secuti,
664 2542 985 2632 hostem
1048 2539 1234 2653 jam·
1281 2535 1457 2652 jam
1515 2536 1604 2626 in
1671 2533 1990 2628 viscera
2028 2538 2315 2656 patriae
2356 2534 2519 2628 suae
2560 2533 3165 2632 desaevientem

289 2706 598 2796 magno
641 2683 1098 2774 exturbant
1151 2679 1438 2769 a'nimo
1463 2749 1490 2793 ,
1569 2681 2085 2798 castrumque
2124 2677 2620 2770 Rotenstein
2668 2681 3007 2797 capiunt
3042 2697 3165 2773 at·

290 2849 458 2940 que
501 2823 926 2942 diripiunt.
1101 2817 1455 2938 Dilapsis
1501 2816 1892 2912 Moravis
1937 2817 2299 2912 Bohemi
2338 2822 2543 2912 nihil
2586 2823 2863 2912 minus
2910 2847 3162 2941 quam

287 2963 640 3054 aliorum
681 2965 1004 3056 damnis
1047 2959 1502 3056 exsaturari
1541 2963 2027 3054 anhelantes
2058 3032 2085 3080 ,
2154 2965 2243 3054 iu
2290 2961 2430 3055 sua
2472 2965 2829 3084 quisque
2880 2965 3155 3085 quieti

283 3106 672 3200 redeunt.
788 3101 1125 3200 Eodem
1149 3086 1410 3198 adhuc
1433 3131 1652 3196 anno
1669 3105 1770 3196 ad
1795 3107 2129 3200 exitum
2147 3126 2648 3224 properante
2683 3109 2771 3196 in
2794 3104 3157 3222 313111111-

83 806 100 871 1

277 3273 512 3337 mum
536 3317 563 3361 ,
625 3245 1560 3365 periculosissimumque
1625 3244 2303 3364 Krzezomyslus
2362 3249 2757 3338 morbum
2813 3249 3145 3344 incidit.
3236 3277 3607 3366 mmm.

277 3384 634 3482 Franus
683 3390 939 3480 animi
985 3387 1478 3504 aegritudine
1519 3385 2027 3480 duodecimo
2096 3391 2665 3504 aegrotationis
2732 3389 2873 3482 die
2922 3365 3203 3486 inter¹⁸
3216 3387 3400 3436 mors.

278 3531 536 3634 vivos
577 3527 748 3625 effe
787 3531 1053 3624 defiit.
1107 3519 1222 3622 (d)
1437 3525 1691 3622 Causa
1737 3551 2169 3626 maturatae
2202 3532 2559 3650 mortiS,
2626 3551 2725 3624 ut
2755 3533 3203 3666 plerique
3304 3640 3319 3655 ⁰

279 3673 760 3798 existimant
783 3743 811 3786 ,
893 3671 1060 3786 suit
1101 3697 1220 3764 ex
1282 3672 1638 3789 nuperni
1695 3672 2199 3834 indignitate
2239 3673 2651 3790 responsi,
2738 3675 2827 3766 ὃ(
2868 3675 3143 3768 hostili

273 3809 804 3904 Wlastislavi
841 3815 1181 3926 cognati
1247 3816 1525 3905 animo
1589 3815 1839 3907 altius
1897 3815 1984 3906 in
2049 3817 2501 3934 praecordia
2552 3811 2939 3909 admifl'us
3000 3817 3149 3910 do·

265 3955 431 4049 lor.
646 3949 1118 4075 Appofitus
1181 3949 1298 4048 ad'
1353 3977 1630 4073 patres
1699 3957 1790 4048 in
1876 3954 2311 4076 sepulchro
2372 3953 2725 4050 Hrobka
2769 3962 3141 4079 quinque

269 4097 602 4188 dierum
635 4093 1152 4190 solemnibus
1195 4098 1530 4211 ignibus
1557 4169 1583 4215 ,
1650 4099 2076 4218 variisque
2113 4097 2447 4216 injetstis
2493 4097 2867 4196 viffimis
2912 4105 3143 4196 inter
3250 4107 3255 4114 ’

260 4237 628 4358 ejulatus
651 4307 682 4358 ,
745 4267 909 4334 nec
945 4237 1434 4360 personatos
1473 4242 1812 4344 dolores
1855 4241 2363 4361 deploratus.

1546 4377 1914 4480 ·Eeee
2472 4360 2487 4374 ’
2770 4371 2999 4478 AN·
