3984 5000
917 296 1075 461 ·424·
1341 390 1346 395 ·
1843 334 1852 341 ’
2014 380 2047 401 ω
2108 338 2455 431 Annus
2508 344 2684 437 824·
3800 448 3807 455 ,

931 522 1134 617 fium
1181 512 1453 605 multo
1497 512 1760 629 impar
1797 494 2041 601 effet*
2060 532 2455 604 numerus
2480 574 2505 619 ‚
2550 495 2845 595 tamen
2876 502 3219 619 magnis
3248 502 3547 599 animis
3597 510 3815 607 vim
3959 602 3961 605 ,

929 658 1359 749 Saxonum
1405 653 1906 743 sustinebant
1927 710 1988 763 ‚·
2032 674 2225 737 eum
2268 649 2589 737 interea
2622 642 3011 737 Kad'anus
3076 672 3127 735 e
3168 646 3388 739 filvae
3458 648 3623 742 suae
3672 657 3811 745 la·

899 800 1196 907 tebris
1243 796 1634 913 procellae
1670 794 1907 881 instar
1958 806 2408 905 erumpens
2468 788 2685 877 latus
2728 786 2983 877 hostis
3023 790 3449 889 muricatis
3514 794 3809 889 clavis
3942 863 3950 874 .

935 938 1436 1053 tribulisque
1485 931 1786 1023 misere
1831 926 2268 1049 quass'abat.
2436 922 2841 1042 Inopinus
2890 929 3150 1017 etiam
3197 958 3389 1021 cum
3423 927 3805 1048 Pragen.

925 1080 1142 1178 sibus
1181 1078 1282 1167 ab
1315 1077 1588 1165 altero
1634 1072 1922 1163 latere
1936 1070 2166 1159 illico
2208 1069 2705 1157 imminebat
2720 1063 3804 1171 Bozdiechusattonitum-

781 1280 800 1299 Ι
825 1287 846 1305 ,
933 1248 1102 1337 que
1153 1216 1580 1310 Saxonem
1619 1216 1920 1305 acriter
1955 1206 2263 1329 preffit.
2474 1204 2753 1299 Tanta
2794 1226 3081 1347 tamen
3124 1232 3303 1304 erat
3348 1196 3801 1314 Saxonum

929 1360 1378 1479 constantia
1419 1356 2003 1475 pugnandique
2046 1352 2398 1468 peritia,
2468 1366 2568 1439 ut
2604 1332 2941 1483 agmine
2982 1346 3131 1439 suo
3192 1354 3359 1445 rite
3406 1354 3795 1475 disperti-

929 1520 1028 1595 to
1073 1498 1566 1590 Bohemum
1592 1498 2051 1588 irruentem
2101 1476 2333 1580 omni
2372 1508 2607 1606 parte
2654 1490 2931 1581 animo
2976 1488 3405 1606 praesente
3440 1502 3793 1617 excipe-

929 1634 1164 1733 rent.
1351 1636 1746 1729 Medium
1779 1637 2019 1725 fliem
2064 1633 2437 1791 praelium
2490 1630 2700 1719 istud
2739 1630 3068 1749 tenuit,
3138 1633 3229 1725 Sc
3272 1662 3579 1755 anceps
3642 1642 3795 1735 diu

905 1772 1332 1892 ⁴vitfftoria,
1403 1780 1851 1897 similisque
1904 1774 2124 1867 aestui
2170 1773 2417 1861 maris
2463 1800 2737 1889 pugna
2806 1766 3024 1886 fui't,
3098 1801 3321 1865 nunc
3378 1774 3792 1876 Bohemis

937 1920 1366 2013 Saxonem
1417 1990 1441 2035 ,
1553 1947 1773 2009 nunc
1856 1916 2327 2025 saxonibus
2412 1909 2886 2005 Bohemum
2968 1913 3162 2002 loco
3222 1908 3786 2043 pellentibus,

936 2058 1314 2153 Demum
1393 2086 1688 2177 penes
1735 2056 2205 2153 Bohemum
2283 2052 2637 2144 viotoria
2715 2082 2890 2167 non
2975 2054 3411 2148 incruenta
3514 2066 3783 2157 stetit.-

783 2194 796 2213 ‘
935 2200 1414 2338 Compulfi
1393 2228 1480 2293 ln
1513 2200 1869 2311 globum
1909 2196 2329 2287 Saxones
2358 2196 2591 2287 mille
2656 2174 2747 2284 Sc
2800 2190 3035 2310 supra
3097 2196 3601 2312 implacabili
3665 2228 3795 2295 ra·

561 2364 752 2439 metor
752 2371 808 2430 aa
812 2366 891 2431 Bo
893 2341 1080 2437 bie
1151 2340 1378 2455 caefi,
1453 2356 1798 2429 centum
1867 2338 2456 2458 quinquaginta
2520 2334 2827 2453 partim
2891 2324 3381 2430 vulneribus
3448 2372 3653 2458 grav
3656 2377 3789 2464 eS,
3941 2420 3956 2434 .

473 2449 560 2521 be
559 2453 853 2524 mrzunde

305 2577 316 2586 ·
473 2534 806 2616 Saexonibus

933 2482 1239 2603 partim
1279 2501 1516 2572 metu
1559 2482 1938 2600 prostrati
1974 2508 2129 2598 per
2170 2479 2442 2570 otium
2490 2472 2921 2594 effugere,
2996 2472 3382 2572 Bohemo
3442 2510 3795 2604 propter

931 2621 1500 2720 laffitudinem
1523 2618 1906 2737 fugiendi
1942 2614 2294 2742 spatium
2338 2601 2891 2712 concedente.
3100 2614 3182 2710 E
3220 2619 3620 2718 Bohemis
3656 2658 3799 2734 ce-

939 2767 1224 2866 cidere
1271 2782 1614 2857 centum
1673 2764 2262 2882 quinquaginta
2325 2758 2702 2879 septem,
2772 2779 2951 2854 tres
3022 2761 3111 2854 Sc
3176 2765 3485 2877 viginti
3536 2765 3796 2860 semi-

911 2907 1196 3008 neces
1237 2907 1339 2994 a'd
1381 2905 1730 3036 curanda
1761 2904 2109 2995 vulnera
2142 2906 2233 3018 in
2272 2906 2571 2996 urbem
2612 2903 3056 3027 deportati.
3227 2891 3795 3028 ViSto‘hoste,

855 3043 869 3055 ’
933 3044 1490 3162 excubiisque
1529 3045 1618 3132 in
1661 3071 2005 3138 omnem
2048 3043 2317 3136 casum
2358 3041 2805 3161 dispofitiS,
2834 3040 3279 3134 vistoriam
3323 3049 3575 3142 nostri
3612 3079 3795 3144 mu·

937 3187 1112 3290 tuis
1155 3186 1680 3304 amplexibus
1725 3175 1946 3278 inter
1989 3183 2078 3278 se
2130 3184 2560 3300 gratulati,
2634 3185 3134 3305 aliquamdiu
3184 3187 3276 3276 in
3332 3189 3529 3283 loco
3587 3221 3789 3310 pug-

939 3355 1071 3424 11ae
1109 3326 1502 3444 depofitis
1547 3346 1889 3446 propter
1947 3326 2120 3420 diei
2189 3329 2467 3418 aestum
2511 3327 2795 3418 loricis
2874 3329 3305 3444 quievere.
3524 3319 3798 3426 Leota'

945 3469 1251 3572 deinde
1297 3465 1552 3590 spolia
1579 3541 1604 3584 ,
1669 3464 2115 3588 vi&orque
2160 3470 2589 3562 exercitus
2645 3469 2735 3558 in
2783 3470 3103 3558 munim
3112 3489 3308 3560 enta
3369 3475 3598 3580 urbis
3666 3483 3799 3567 rei-

947 3625 1244 3726 ceptus
1285 3609 1565 3698 triduo
1606 3610 2235 3727 triumplialibus
2306 3599 2573 3726 epulis
2642 3612 2762 3700 est
2820 3633 3291 3726 recreatus3
3374 3619 3555 3736 post
3608 3643 3793 3727 gra-

819 3751 851 3870 ”1
945 3747 1228 3848 tiffimi
1267 3750 1548 3851 animi·
1588 3749 1835 3864 fignis
1861 3751 2121 3842 ·inter
2189 3753 2506 3862 civium
2561 3745 2894 3880 ‘plausus
2966 3751 3333 3844 dimiss’us
3396 3752 3789 3851 Kadanus

951 3890 1260 3991 eodem
1283 3961 1308 4006 ,
1386 3919 1552 4009 quo
1589 3887 1937 3984 exceffit
2000 3891 2139 3984 die
2208 3894 2552 3992 domum
2612 3889 3004 3985 reversus
3072 3898 3217 3987 est.
3429 3891 3789 3992 Bozdje:

955 4027 1156 4130 chus
1203 4032 1498 4136 eadem
1543 4033 1732 4127 loca
1765 4032 2113 4152 repetiit
2137 4106 2163 4152 ,
2243 4034 2542 4156 quibus
2593 4055 2790 4126 ante
2830 4061 2985 4150 pet
3046 4037 3228 4130 dies
3292 4056 3470 4128 tres
3541 4043 3811 4129 castra

946 4188 1316 4282 metatus
1411 4199 1593 4281 erat
1630 4246 1658 4291 ,
1759 4174 2237 4298 collemque
2324 4173 2854 4336 tumultuaria
2932 4205 3119 4328 arce
3199 4177 3787 4431 Βοῑᾶὲεοὴοψ

3475 4333 3643 4401 tro-
