3984 5000
134 347 366 462 lesta
406 371 832 484 quaeque
878 335 1432 446 Annalium
1479 335 2060 444 nostrorum
2114 335 2339 443 loca
2399 333 3085 475 stringerent,‘
3128 331 3460 472 prola:

30 485 66 610 f
130 496 262 600 tis
302 482 884 627 quibusque
932 479 1450 594 veteribus
1506 480 2211 602 documentis,
2273 479 2465 582 alia
2492 477 3189 612 amputarent,
3250 474 3449 602 alia

133 624 856 747 emendarent,
920 625 1582 756 sanarentque
1611 700 1645 742 ‚
1722 622 1830 722 in
1891 619 1997 722 id
2062 649 2405 724 unum.
2464 619 2786 722 aciem
2862 621 3233 722 mentis
3292 617 3445 724 in:-

137 770 732 882 tendetent,
803 787 920 866 ut
969 760 1392 894 scoriam
1427 758 1556 864 ab
1593 791 1899 889 aure,
1966 782 2451 893 putamen
2494 787 2557 862 a
2594 757 2965 861 nucleo
2991 837 3024 882 ,
3078 754 3445 868 falsum

137 916 556 1048 inquam
601 898 1352 1038 suspeflumque
1385 931 1444 1002 a
1489 930 1740 1002 vero
1769 898 2437 1002 secernerent.
2580 897 2673 1039 E·
2706 897 3075 1010 nostris
3112 893 3453 1008 facem

30 1055 33 1066 ’
142 1049 334 1160 hac
379 1048 488 1150 in
533 1076 646 1150 re
691 1041 1146 1178 praeluxit
1190 1072 1252 1145 a
1291 1065 2207 1145 monumentorum
2252 1037 2669 1156 suorum
2718 1067 3455 1165 numer0‚·eru·»

151 1190 744 1322 ditioneque
805 1205 1037 1288 toto
1103 1180 1366 1314 pene
1439 1177 2004 1287 notissimu's
2068 1174 2325 1280 orbe
2391 1175 2863 1282 Balbinus
2926 1208 2985 1283 e
3054 1175 3149 1282 S.—
3190 1177 3281 1309 J.
3321 1180 3458 1286 al-

148 1355 504 1467 terque
574 1324 674 1428 ei
737 1319 1368 1458 synchronus
1422 1317 1858 1445 Peffina',
1930 1315 2126 1422 hos
2190 1314 2895 1451 secutiplures
2934 1317 3106 1424 alii
3142 1314 3457 1450 hujus

156 1467 458 1574 saeculi
505 1460 1070 1598 Scriptores
1110 1461 1500 1564 nemini
1529 1459 2068 1598 incogniti.
2282 1453 2483 1562 Sed
2551 1483 2668 1561 ut
2722 1453 3147 1566 historia
3203 1456 3459 1564 Boe-

30 1653 32 1656 >
152 1610 362 1716 mia:
400 1625 826 1740 propter
859 1601 1383 1739 gestorum
1427 1598 1840 1702 suorum
1864 1596 2663 1734 ‚amplitudinem
2726 1604 2953 1702 non‘
2987 1597 3458 1708 abfimilis

30 1845 41 1853 .
152 1749 292 1854 est
322 1744 612 1852 vasto
654 1769 1074 1876 ac·pene
1120 1737 1612 1843 immenso
1651 1740 2087 1877 aequori,
2162 1739 2305 1842 ita
2344 1732 2508 1842 his
2578 1742 2935 1844 omnia
2984 1741 3463 1880 enaviga-
3520 1751 3526 1756 ’

149 1919 318 2010 re,
371 1913 738 1989 omnes
784 1878 1147 1984 flustus
1193 1878 1707 2012 superare,
1771 1878 2120 1982 omnia
2150 1879 2595 2011 penitius
2642 1879 3217 2014 explorare,
3252 1881 3462 1984 :fin-

146 2027 834 2167 gulorumque
875 2045 1250 2126 certam
1282 2019 1997 2156 cognitionem
2030 2014 2462 2122 reddere
2501 2047 2691 2125 nec
2731 2045 3007 2144 πτας,
3076 2051 3271 2127 nec
3306 2017 3463 2128 in-'
3526 2055 3533 2062 ·

154 2164 532 2275 dustria
575 2157 1230 2270 intentiffima
1249 2154 1702 2262 sufficere
1735 2158 2113 2293 potuit.
2180 2154 2457 2262 Tum
2501 2157 2775 2294 saepe,
2811 2158 3183 2288 nescio,
3230 2164 3461 2301 quis
3618 2199 3625 2206 ·

30 2369 32 2428 ;
155 2331 502 2418 umen
561 2323 952 2430 metuS,
1033 2321 1212 2407 aut
1259 2327 1554 2404 amor
1619 2300 2397 2435 reverentiaque
2460 2300 3097 2436 antiquitatis
3156 2306 3462 2439 capti-
3604 2415 3647 2431 --
3828 2351 3837 2359 -

149 2475 334 2553 vos
369 2442 714 2550 tenuit
727 2455 768 2565 ,“
834 2465 955 2545 ut
995 2470 1216 2545 non
1260 2437 1550 2544 omni
1589 2437 1812 2571 jure
1857 2467 1976 2547 ac
2010 2434 2479 2547 libertate
2528 2440 2639 2544 in
2670 2437 3202 2548 scribendo
3248 2469 3464 2551 ute-
3512 2526 3521 2535 .

147 2610 530 2693 rentur.
669 2580 1018 2725 Qare
1060 2579 1493 2715 plurima
1535 2577 1985 2685 maluere
2024 2574 2607 2684 dubitantes
2644 2585 3200 2715 praeterire,
3240 2585 3471 2690 imo

151 2752 902 2858 nonnunquam
939 2719 1271 2825 videri
1321 2715 1722 2844 errass‘e,
1794 2748 2118 2858 quam.
2162 2714 2727 2837 obfirmatis
2764 2718 3305 2856 superioris
3350 2764 3501 2827 ae-·
3620 2740 3626 2746 ’

153 2870 378 2975 tatis
413 2857 1086 2999 opinionibus
1131 2858 1672 2995 derogare.
1893 2859 2191 2964 Alios
2236 2855 2675 2967 fortaffis
2731 2857 3463 3001 Manuscripto-
3678 2886 3699 2903 ·

30 3096 32 3105 1
153 3038 376 3111 rum
399 3084 434 3129 ,
511 3002 1153 3138 aliorumque
1213 2997 1836 3105 idoneorum
1905 2993 2405 3101 librorum
2473 2998 2811 3134 preffit
2854 3003 3257 3138 inopia,
3338 3032 3469 3141 ut

30 3272 32 3275 >
149 3146 582 3253 meliora
643 3142 1331 3279 certioraque,
1409 3166 1716 3279 quam
1778 3168 1996 3278 quae.
2050 3136 2639 3273 posterioris
2685 3144 2996 3251 aetatis
3056 3147 3469 3287 excepit

30 3284 32 3287 ’
147 3312 486 3423 penna
504 3361 540 3407 ,
595 3312 820 3395 non
847 3276 1388 3397 haberent.
3290 3362 3296 3371 .

175 3511 181 3520 -
292 3479 306 3491 ’
409 3441 583 3551 At
615 3470 870 3547 vero
913 3440 1568 3579 posteaquam
1602 3432 1810 3543 hoc
1851 3432 2439 3576 cumprimis
2494 3432 2841 3547 saeculo
2887 3446 3184 3551 omni
3221 3442 3465 3556 loco

148 3576 800 3723 publicantur
865 3579 1284 3687 archiva
1349 3579 1451 3685 δι
1515 3573 2057 3704 tabularia,
2136 3580 2527 3690 vetusta
2592 3576 3051 3723 undique
3096 3610 3469 3695 monu-

143 3749 500 3830 menta
539 3718 1012 3855 expedita
1051 3750 1452 3825 carcere
1495 3716 1593 3824 δε
1625 3720 2055 3823 vinculis
2098 3720 2713 3827 emittuntur
2741 3723 2853 3829 in
2886 3718 3462 3863 publicum,
3562 3744 3569 3753 ’

30 3900 42 3927 ‚
145 3887 326 3969 tot
339 3863 890 3969 Annalium
933 3862 1524 3965 nostrorum
1557 3860 1816 3964 naevi
1847 3884 2454 3998 peccataque
2502 3862 2611 3971 in
2632 3868 2993 4001 aprico
3030 3860 3259 3980 sunt
3278 3856 3459 4013 po-

138 4004 374 4128 fita,
411 4002 772 4137 utiam
793 4000 956 4105 vel
999 3996 1686 4107 nistitantium
1727 4000 2277 4105 oculorum·
2304 3999 2625 4110 aciem
2653 4076 2684 4131 ,
2730 3992 3467 4158 censuramque·

133 4176 372 4259 uon
407 4141 615 4259 effu
619 4144 940 4285 giant.
1029 4138 1374 4282 Atque
1413 4164 1644 4252 cum
1685 4138 2002 4253 saeculi
2036 4136 2315 4281 istius
2348 4135 2463 4289 in
2517 4134 2971 4293 historiis
3033 4153 3464 4269 scriben.

2700 4280 2858 4291 »uo-a—

1693 4306 1752 4391 c
1799 4300 1896 4390 -2
3158 4298 3320 4412 dis
