3984 5000
1453 346 1824 431 szcm
1885 373 2001 432 10.
2268 308 2301 319 “
2760 316 2767 322 ’
2990 366 3093 453 39·

219 582 278 635 „
319 542 636 609 varum
691 509 838 607 sub
879 513 1233 633 primam
1303 518 1581 609 tertiae
1624 517 1900 609 noctis
1941 516 2318 633 vigiliam
2363 586 2392 634 ,
2482 518 3095 635 promicantem

213 724 282 773 ,‚
324 660 562 749 inter
621 656 950 748 fumum
1008 656 1426 747 flammam
1505 656 2119 779 conspexeritis
2165 727 2191 774 ‚
2290 684 2391 747 ea
2452 679 2689 775 parte
2754 657 3097 779 scitote,

213 865 278 915 ,‚
325 797 728 893 Lechum
773 794 1257 890 consediss'e.
1307 866 1364 913 „
1501 796 1718 892 Haec
1759 801 1981 891 inter
2020 800 2211 890 illos
2257 800 2765 915 postremum
2806 801 3097 918 loquu-

212 958 358 1031 tus
413 936 794 1031 altiffima
845 966 1290 1030 nemorum
1322 1007 1348 1054 ‚
1424 964 1521 1029 ac
1563 942 1719 1033 vix
1757 942 2165 1059 expedito
2230 941 2555 1029 homini
2622 941 2913 1059 pervia
2976 942 3102 1032 in-

217 1082 604 1198 greditur
627 1150 654 1197 ‚
727 1074 1256 1198 multumque
1309 1080 1666 1175 laetatus
1705 1110 1901 1172 cum
1939 1081 2350 1199 pertinaci
2404 1078 2713 1173 frutice
2736 1152 2761 1195 ,
2834 1084 3095 1177 tertio

232 1222 584 1313 demum
635 1224 776 1312 die
821 1218 970 1311 sub
1040 1222 1397 1339 primam
1453 1220 1801 1313 noctem
1867 1250 1982 1313 ex
2066 1223 2205 1313 illa
2247 1221 2630 1313 filvarum
2690 1223 3096 1338 voragine

223 1363 592 1477 emergit
615 1433 643 1478 ,
723 1356 1181 1481 statimque
1203 1363 1308 1452 ab
1356 1390 1463 1455 eo
1499 1362 1692 1454 loco
1719 1432 1746 1476 ,
1817 1391 2073 1481 quem
2116 1364 2395 1453 animo
2442 1363 2903 1477 destinarat,
2950 1394 3097 1483 po-

223 1505 649 1623 pularibus
692 1500 857 1593 suis
903 1502 994 1593 in
1028 1522 1326 1593 monte
1359 1500 1578 1621 Rzip
1629 1502 1958 1595 fumum
2020 1504 2253 1595 fimul
2274 1572 2302 1617 ,
2377 1503 2614 1593 fimul
2671 1502 3094 1601 flammam

217 1646 617 1741 ostendit.
765 1641 978 1737 Inde
1019 1644 1422 1735 recreatis
1464 1645 1566 1735 ab
1600 1644 1926 1736 itineris
1969 1643 2343 1735 molestia
2386 1640 2722 1735 suorum
2762 1646 3091 1761 animiS,

217 1790 320 1877 ad
385 1788 682 1877 locum
705 1856 732 1901 ,
828 1812 1084 1903 quem
1139 1804 1526 1903 ceperat,
1616 1785 2158 1877 tumultuario
2224 1812 2485 1901 opere
2535 1785 3085 1879 muniendum

211 1924 680 2021 conversus
705 1995 735 2042 ‚
800 1953 1125 2017 novum
1171 1926 1570 2045 oppidum
1637 1927 1728 2015 in
1791 1927 2107 2049 plateas
2180 1924 2583 2044 vicosque
2652 1922 3079 2043 describit,

209 2064 681 2189 'primaeque
727 2068 910 2187 post
947 2062 1451 2157 Klenecium
1495 2067 1848 2159 coloniae
1887 2095 2049 2187 qua
2112 2066 2339 2157 vallo
2374 2066 2545 2181 jam
2563 2136 2592 2179 ‚
2673 2094 2833 2184 qua
2874 2062 3081 2159 foffa

219 2210 520 2303 cinc‘tae
559 2212 664 2299 ab
709 2206 988 2299 indice
1037 2204 1276 2305 fumo
1314 2204 1714 2300 Kaurzim
1739 2278 1768 2326 ,
1837 2224 1933 2301 ut
1980 2208 2041 2301 fi
2104 2204 2562 2299 fumariam.
2585 2208 2811 2299 dicas
2838 2278 2867 2327 ,
2934 2237 3085 2303 no·

213 2378 418 2445 men
457 2350 854 2468 imponit.
908 2330 1004 2433 (b)
2382 2454 2391 2459 ,

519 2490 1008 2586 Secundum
1055 2485 1338 2582 Lechi
1411 2488 1738 2582 abitum
1829 2488 2211 2582 omnium
2277 2488 2492 2582 verfi
2562 2489 2655 2582 in
2721 2488 3087 2586 Crocum
3152 2494 3545 2644 ,ῢζίὶᾰίυξ-
3616 2478 3626 2487 ’

201 2633 400 2728 funt
445 2633 706 2724 oculi.
844 2630 1160 2748 Ingens
1205 2631 1572 2722 hominis
1621 2630 1709 2722 in
1769 2631 2083 2749 populo
2150 2659 2467 2722 nomen
2490 2699 2517 2746 ‚
2596 2632 2687 2723 Sc
2758 2662 2805 2724 a
2858 2629 3091 2724 Prin·
3110 2599 3243 2756 2}ae2}
3272 2603 3567 2748 ρορῖἔῖἶὲ

207 2775 400 2892 cipe
449 2775 866 2888 dignitate
917 2771 1090 2864 sola
1132 2770 1508 2864 inferius·
1659 2769 2157 2886 Adjuvabat
2197 2769 2372 2890 ipse
2408 2769 2717 2862 famam
2754 2750 3477 2892 opibusfssx'st‘n'a‘i'·

205 2917 390 3008 illas
481 2915 868 3005 industria
953 2915 1466 3032 confilioque
1562 2915 1955 3030 augebat.
2165 2908 2669 3008 Prudentior
2754 2917 3095 3034 quippe,
3154 2937 3162 2945 “
3209 2917 3222 2924 ’

209 3081 464 3178 quam
513 3073 766 3148 aetate
803 3053 1316 3175 provectior.
1477 3043 1822 3145 ‘Fiebat
1872 3059 2157 3175 itaque
2182 3122 2209 3168 ,
2298 3073 2397 3146 ut
2432 3053 2535 3144 ab
2580 3055 2891 3146 ceteris
2930 3055 3097 3146 fre·

3189 2182 3359 2251 Urbis
3378 2184 3571 2253 Kane·-

3107 2274 3231 2337 lim
3255 2275 3442 2335 initia.

213 3226 486 3318 quens
551 3197 654 3286 ad
716 3197 1150 3286 hominem
1221 3192 1690 3288 multitudo
1764 3195 2233 3290 conflueret
2284 3265 2310 3312 ‚
2408 3222 2775 3322 eumque
2834 3223 3095 3288 unum

213 3339 494 3432 litium
533 3333 863 3429 suarum
921 3333 1507 3454 causarumque
1582 3334 2233 3456 disceptatorem
2260 3406 2285 3452 ‚
2364 3353 2617 3455 atque
2693 3337 3095 3430 arbitrum

217 3479 725 3598 percoleret.
943 3475 1254 3596 Neque
1332 3476 1478 3567 ille
1503 3545 1530 3590 ,
1604 3507 1800 3570 cum
1869 3504 2169 3569 omnes
2212 3477 2519 3570 blande
2576 3477 3097 3596 appellando,

219 3637 400 3712 tum
437 3619 840 3739 aequitate
875 3615 1194 3711 summa
1249 3645 1388 3712 res
1435 3618 1726 3711 dubias
1787 3619 2219 3713 statuendo
2244 3687 2271 3734 ‚
2340 3617 2541 3733 fibi,
2610 3619 3095 3736 populoque

221 3763 536 3852 deerat.
729 3757 1088 3880 Jamque
1137 3759 1352 3878 apud
1397 3755 1880 3880 Principem
1930 3762 2191 3855 etiam
2256 3787 2603 3873 magnus
2666 3755 3092 3877 conspicu-

219 3899 474 4020 usque
517 3901 804 3992 haberi
854 3903 1170 4018 coepit3
1251 3900 1390 3992 cui
1429 3906 1845 4016 postremo
1885 3903 1995 3994 fic
2030 3899 2119 3996 se
2154 3929 2304 4020 per
2354 3901 2633 3991 omnia
2669 3901 3093 4018 probavit,

221 4061 316 4132 ut
359 4039 542 4160 ipso
588 4069 924 4162 quoque
963 4039 1248 4159 judice
1291 4041 1742 4148 haberetur
1777 4043 2083 4162 dignus
2109 4113 2137 4163 ‚
2208 4045 2355 4165 qui
2397 4038 2909 4164 potiffimum
2942 4043 3095 4136 fibi

223 4181 310 4278 in
333 4179 838 4314 Principatu
872 4183 1390 4283 succederet.
1451 4169 1588 4312 (ε).
