3984 5000
317 1539 324 1546 ,
429 1475 470 1538 1.
500 1494 558 1539 1.
599 1488 727 1556 ‘²7-

1009 167 1043 186 s

893 331 1038 412 1'62
1223 347 1252 358 “
1403 330 1408 338 ’
1979 297 2380 411 ‘Auitus
2448 345 2631 429 722.
2696 319 2711 330 ’
3090 417 3099 432 ,

888 481 1268 561 bitrarium
1317 501 1516 560 certe
1564 479 1760 560 fuisse
1805 477 2135 560 Ducibus
2170 477 2429 558 nostris
2476 479 2666 571 stuta
2698 475 2817 557 seu
2870 474 3101 573 nuda,
3152 477 3273 557 stu
3318 479 3695 560 coloribus
3732 485 3833 565 δε

891 584 1096 664 lineis
1137 583 1341 664 c‘ertis
1383 582 1710 662 distinata
1745 582 2095 660 adhibere
2133 581 2523 662 ostendunt
2552 605 2667 660 tot
2711 581 2938 688 sigilla
2976 579 3455 686 posteriorum
3490 586 3813 666 Ducum

893 686 1314 768 nostrorum
1367 685 1496 764 fiio
1545 687 1715 764 loco
1757 684 2241 790 proferenda,
2296 684 2373 762 in
2412 684 2671 786 <suibus
2726 685 2877 762 haec
2918 682 3236 762 striarum
3318 685 3507 763 ratio
3544 686 3809 772 variat..

895 793 981 866 In
1005 787 1364 868 Przetislai
1413 786 1610 864 enim
1639 787 1862 868 Ducis
1902 789 2212 894 clypeo,
2252 786 2444 886 cujus
2482 785 2793 891 {igilium
2836 785 2931 865 ad
2959 813 3077 864 me
3107 785 3293 864 mifit
3312 790 3803 868 Reverendiss-

899 893 1110 974 fimus
1142 917 1224 968 ac
1245 889 1722 994 Amplissimus
1749 893 1842 972 D.
1861 893 1957 968 D.
1977 895 2479 968 Bonaventura
2497 893 2723 968 Pitter
2740 892 3064 968 Praelatus
3094 888 3624 1005 Rayhradensis
3658 891 3790 970 stu-

897 993 1190 1082 diorum
1237 997 1566 1070 meo‘rum
1604 997 1838 1069 fautor
1877 992 2317 1097 praecipuus,
2366 999 2439 1068 &
2468 1017 2508 1066 a
2546 992 2838 1096 vulgata
2884 1017 3125 1096 nuper
3154 1015 3311 1073 vita.
3326 995 3395 1069 S.
3416 993 3799 1074 Guntheri

895 1095 1524 1189 nominatissimus,
1575 1093 1864 1171 nonnifi
1923 1095 2076 1170 dux
2126 1115 2561 1196 comparent
2622 1090 2839 1189 striae,
2888 1092 2965 1170 in
3010 1090 3377 1198 Spitignei
3427 1097 3621 1173 nulla
3662 1123 3799 1204 pe.

787 1210 790 1215 '
876 1195 1129 1289 nitus,
1181 1194 1364 1274 adeo
1425 1221 1502 1272 ut
1553 1194 2166 1306 quemadmodum
2224 1195 2410 1276 scuta
2450 1195 2599 1274 haec
2646 1195 2786 1291 jam
2840 1195 3187 1288 rotunda,
3240 1197 3376 1300 jam
3432 1199 3798 1306 oblonga,

905 1299 1044 1394 jam
1079 1297 1581 1416 triangular-ia,
1633 1298 1773 1395 jam
1821 1297 2175 1376 decussiata
2232 1297 2482 1373 videre
2540 1297 2754 1391 licet,
2810 1295 2903 1373 ita
2948 1324 3093 1402 pro
3151 1295 3360 1380 libitu
3410 1298 3485 1376 in
3522 1325 3797 1380 ornatu

473 1412 478 1424 ’
519 1387 680 1454 Μῦ·
716 1389 869 1475 Epir,
911 1400 1090 1478 iilius
1141 1425 1491 1476 variatum
1539 1395 1773 1479 fuerit.
1893 1399 2113 1476 Instat
2149 1396 2521 1492 Balbinus,
2576 1427 2659 1474 ur
2718 1423 2936 1499 etque
2987 1399 3451 1505 Berghauer,
3486 1400 3787 1482 statuam

477 1561 536 1620 Β
627 1561 668 1628 h
912 1501 1257 1583 vetustam
1301 1500 1484 1580 Divi
1523 1503 1940 1580 Wenceslai
1989 1503 2067 1578 in
2106 1501 2369 1578 celebri
2412 1527 2615 1602 quon
2712 1529 2786 1578 m
2820 1501 3171 1579 sacrarum
3202 1499 3331 1581 vir
3394 1501 3628 1597 inum,
3660 1503 3791 1582 cui

443 1581 886 1727 L‘Jgfgrg}
913 1603 1134 1706 Suietsc
1169 1630 1447 1706 nomen
1493 1629 1680 1697 erat,
1735 1603 2081 1682 coenobio
2118 1602 2491 1698 exstitisse,
2546 1605 2835 1681 aiteram
2880 1601 3335 1705 pita-am-ejus
3392 1631 3505 1682 em
3540 1605 3793 1684 Sancti

443 1733 541 1800 ιε.
911 1705 1216 1810 reperiri
1269 1705 1743 1810 pet-vetustam
1800 1703 1873 1785 in
1909 1732 2109 1812 pago
2151 1704 2543 1799 Profimka,
2602 1703 2727 1784 ubi
2780 1705 3205 1806 utrobique,
3258 1704 3338 1782 in
3400 1706 3603 1786 scuto
3652 1709 3795 1784 hu·-

459 1857 464 1860 -
910 1809 1012 1910 jus
1047 1807 1227 1886 Divi
1283 1833 1422 1887 tres
1459 1807 1658 1890 fluvii
1699 1809 1816 1885 seu
1865 1809 2070 1885 lineae
2116 1808 2454 1886 visuntur.
2590 1806 2733 1883 Sed
2780 1831 2857 1884 ut
2891 1831 2967 1884 ut
3012 1803 3312 1886 vetustas
3364 1808 3487 1885 has
3536 1809 3793 1888 icones

831 1908 842 1929 ‘
910 1935 1213 2012 uterque
1247 1910 1458 1989 nobis
1501 1908 1892 2014 depingat,
1945 1911 2454 1988 neuter'credo
2487 1908 2866 1987 wladislai
2894 1908 3113 2014 Regis
3166 1908 3389 1988 nostri
3428 1917 3501 1988 δε
3540 1913 3795 1993 &culo

777 2021 782 2026 ’
913 2017 1077 2097 XII.
1103 2011 1554 2112 'antiquiores
1605 2011 1931 2105 senserit,
1987 2039 2139 2113 quo
2212 2011 2502 2090 demum
2540 2037 2695 2090 aevo
2750 2013 2817 2088 cl
2878 2038 3187 2116 peorum
3235 2010 3595 2091 rationem
3644 2041 3797 2092 coe·

915 2115 1089 2220 piss'e
1135 2141 1288 2190 non
1326 2112 1749 2192 inficiamur.
1855 2119 2093 2192 Porro
2132 2139 2477 2214 quantum
2511 2113 2748 2191 adhuc
2854 2113 3032 2192 aroli
3068 2116 3191 2193 lv.
3230 2137 3564 2220 tempore
3594 2141 3787 2221 gens

910 2215 1154 2296 'nostra
1189 2214 1572 2293 variaverit
1603 2214 1682 2291 in
1717 2213 2203 2317 exprimendo
2236 2217 2513 2319 clypeo
2546 2217 2613 2292 S.
2651 2213 3067 2294 Weneeslai
3097 2276 3118 2311 ,
3168 2239 3244 2293 ut
3277 2214 3417 2312 jam
3456 2219 3785 2310 leonem,

905 2318 1048 2417 jam
1093 2315 1441 2416 aquilam,
1488 2314 1633 2413 jam
1673 2318 1947 2394 nudum
2006 2319 2276 2394 scutum
2312 2317 2377 2393 ei
2416 2316 2493 2394 in
2530 2341 2776 2397 manus
2814 2317 3189 2411 indiderit,
3246 2317 3507 2396 coaevis
3552 2319 3791 2396 docu-
3875 2375 3900 2388 -

907 2421 1172 2499 mentis
1211 2425 1284 2496 δι
1321 2416 1737 2525 'cumprimis
1775 2417 2015 2523 figillis
2056 2446 2212 2496 rem
2252 2421 2479 2523 palam
2518 2416 2899 2519 faciemus3
2952 2419 3078 2495 ubi
3118 2419 3211 2503 ad
3248 2420 3559 2496 saeculum
3596 2419 3795 2499 istud

911 2520 1464 2629 pertigerimus,
1522 2546 1640 2599 aut
1685 2548 1882 2599 certe
1935 2519 2029 2598 de
2080 2527 2148 2601 S.
2193 2522 2635 2601 Wenceslao
2690 2521 2904 2600 nobis
2974 2522 3210 2601 sermo
3266 2522 3417 2603 erit.
3594 2526 3789 2601 Non

913 2650 1134 2701 unum
1175 2648 1512 2727 praeterea
1567 2624 1882 2727 superest
1933 2622 2503 2701 documentumt
2569 2622 2749 2727 saepe
2788 2622 3083 2701 familias
3128 2624 3349 2728 ipsas,
3402 2652 3555 2725 quae
3606 2623 3793 2719 eius-

911 2727 1122 2804 modi
1159 2725 1510 2829 imagines
1543 2723 1674 2802 suis
1709 2725 2047 2803 sumtibus
2062 2726 2183 2803 seu
2218 2724 2472 2840 pingi,
2510 2725 2627 2803 seu
2662 2726 2885 2828 sculpi
2920 2725 3421 2829 fecerunt,cly
3476 2753 3603 2805 eos
3626 2726 3793 2805 suos

908 2826 993 2904 in
1020 2830 1086 2905 S.
1107 2828 1521 2919 Wenceslai
1558 2829 1827 2904 scutum
1853 2886 1874 2917 ‚
1899 2827 2103 2927 quod
2146 2828 2343 2904 locus
2378 2852 2433 2904 rs
2470 2825 2847 2930 aptiffimus
2880 2828 3051 2906 effer
3076 2826 3373 2921 ,inserui
3430 2854 3513 2921 e,
3536 2826 3791 2906 memi-

921 2930 1146 3029 nique
1187 2954 1304 3005 me
1339 2956 1578 3033 prope
1597 2928 2021 3005 Budvicium
2058 2929 2134 3005 in
2172 2928 2341 3007 vico
2380 2927 2725 3035 quopiam
2762 2928 3012 3007 vidisse
3044 2930 3441 3034 imaginem
3456 2935 3526 3008 S.
3552 2936 3795 3011 VVen·

918 3028 1171 3123 ce‘s‘lai,
1211 3029 1288 3105 in
1327 3028 1518 3127 'cujus
1563 3032 1831 3133 clypeo
1864 3032 2001 3131 rosit
2039 3028 2321 3135 depieta
2360 3055 2528 3123 erat,
2564 3030 3099 3109 verosimillime
3132 3032 3334 3131 quod
3362 3034 3789 3113 Rosenfium

915 3158 1296 3227 nonnemo
1335 3130 1676 3237 imaginis
1716 3131 1919 3227 hujus
1959 3156 2301 3235 patronus
2338 3132 2574 3211 fuerit.
2668 3131 2783 3211 Sic
2816 3132 3123 3238 sigillum
3150 3132 3531 3212 vicariatus
3550 3137 3796 3215 Eccle-

917 3234 1024 3313 {iae
1044 3239 1260 3344 Prag.
1295 3234 1590 3315 exhibet
1618 3236 2205 3311 S.Wenceslaum
2242 3260 2456 3311 manu
2484 3252 2855 3311 tenentem
2884 3238 3225 3339 clypeum
3244 3235 3551 3315 Decani.
3604 3236 3792 3317 Illud

938 3334 1382 3442 Berghaueri
1414 3336 1624 3433 restat
1659 3335 1750 3412 de
1767 3334 2108 3415 Ottocari
2148 3338 2235 3415 11.
2266 3335 2489 3440 Regis
2524 3335 2748 3413 nostri
2790 3336 3066 3441 figiuo,
3114 3364 3265 3438 quo
3304 3340 3444 3417 hos
3478 3365 3617 3417 tres
3654 3340 3791 3416 flu·

921 3436 1086 3520 arios
1125 3436 1374 3516 referri
1405 3460 1797 3523 memorat:
1841 3436 1962 3514 sed
1996 3437 2195 3529 falsus
2228 3438 2327 3516 est
2364 3463 2822 3543 magnopere
2848 3440 2976 3516 vir
3014 3438 3465 3519 doaiffimus.
3534 3438 3792 3517 Guiu-

929 3568 1072 3642 que
1109 3539 1386 3635 diver-Fa
1419 3537 1764 3642 Ottocari
1798 3542 1886 3619 Π.
1931 3538 2159 3644 sigilla
2198 3540 2275 3617 in
2314 3566 2561 3616 manus
2614 3565 2800 3615 meas
2838 3541 3201 3645 pertigere
3234 3544 3601 3635 haece-nus,
3646 3541 3795 3619 suo

927 3668 1074 3719 tem
1084 3668 1267 3745 pore
1293 3640 1785 3745 producenda,
1805 3638 1956 3716 duo
1996 3645 2227 3717 secum
2256 3641 2749 3723 accuratifiime
2780 3641 3137 3749 descripta
3172 3645 3399 3720 attulit
3424 3640 3797 3747 superiore

921 3770 1120 3819 anno
1157 3743 1570 3823 Praenobilis
1608 3769 1690 3819 ac
1722 3742 2148 3819 Clariffimus
2181 3743 2313 3840 ‚vir
2340 3746 2655 3837 ‚Ioannes
2690 3744 2987 3820 Klauser
3028 3745 3485 3825 Archivarius
3524 3744 3798 3851 Regius

924 3868 1016 3919 ex
1047 3851 1118 3919 T
1121 3844 1440 3921 abulario
1490 3842 1816 3922 Civitatis
1857 3843 2230 3949 Egrenfis,
2284 3871 2437 3957 quo
2484 3845 2576 3921 ad
2615 3846 3021 3923 Archivum
3078 3847 3153 3922 in
3200 3846 3549 3926 ordinem
3606 3846 3798 3923 redi-

926 3942 1250 4050 gendum
1319 3971 1359 4021 a
1399 3944 1511 4021 sua
1569 3942 1936 4039 Maiestate
1996 3948 2527 4022 clementrffima
2576 3946 3036 4048 Imperatrice
3090 3974 3174 4024 ac
3221 3948 3513 4054 Regina
3554 3948 3795 4031 nostra

923 4044 1158 4121 ‘miffus
1203 4045 1341 4139 est,
1392 4046 1524 4123 alia
1570 4046 1702 4122 tria
1754 4044 2049 4123 exhibet
2082 4045 2513 4125 Philibertus
2549 4048 2957 4127 Hueberin
2988 4048 3269 4127 Austris
3316 4078 3408 4133 ex
3446 4049 3795 4131 Archivis

919 4144 1461 4227 Mellicenfibus
1495 4146 1821 4231 illustrata
1857 4150 2043 4227 Tab.
2080 4152 2111 4224 1
2124 4151 2201 4225 V.
2244 4174 2440 4223 num.
2484 4174 2552 4222 2.
2593 4152 2669 4221 &
2700 4174 2769 4245 4.
2800 4157 2875 4225 δε
2908 4152 3095 4227 Tab.
3130 4154 3215 4231 V.
3248 4178 3453 4231 num.
3484 4160 3555 4228 ὅ.
3592 4153 3793 4230 Inter

919 4254 1156 4361 plures
1218 4252 1560 4357 clypeos,
1611 4277 1794 4355 quos
1845 4248 2075 4355 figula
2139 4246 2267 4328 ista
2314 4245 2669 4330 exhibent
2705 4280 2726 4327 ε
2788 4252 3143 4361 spestatur
3192 4251 3503 4335 omnino
3548 4258 3793 4379 clypeus

1175 4424 1193 4444 ,
1263 4380 1268 4385 ·
2330 4394 2372 4421 -.
3548 4374 3686 4431 m-
3857 4375 3866 4384 ·
