3984 5000
1337 293 1790 404 ·MnAr-ae‘
1827 273 1950 422 ᾧ.
2183 302 2193 313 ’
2252 435 2257 440 θ
2428 357 2439 366 ·
2916 331 3075 428 ῑος

189 507 476 613 toque
573 476 825 582 mane
894 485 1211 596 summa
1289 485 1386 580 vi
1419 503 1441 512 ’
1466 469 1988 608 eirpugnare‘
2034 481 2495 608 praefidium
2564 481 3066 586 niterentur.

205 635 530 726 Contra
569 627 920 725 Moravi
959 625 1400 722 intelltho
1444 655 1561 720 ex
1627 628 2032 720 nodkurna
2084 627 2717 728 concursatione
2788 635 3069 756 strepi»

200 783 476 894 tuque
537 797 960 863 amorum
1025 771 1226 893 quid
1293 761 1658 864 Bohemi
1715 769 2215 866 molirentur
2238 841 2267 887 ,
2338 772 2730 866 celeriter
2790 799 3068 892 prom·

197 910 631 1024 tiffimos
593 937 1012 1028 Juvenum
1039 939 1219 1032 per
1208 903 1598 1004 aversam
1642 911 1745 1002 ab
1790 907 2021 1003 hoste
2056 918 2389 1032 portam
2451 912 2799 1030 ejiciunt
2825 983 2851 1030 ,
2922 911 3071 1035 qui

176 1053 532 1154 silentio
569 1048 1144 1150 Bohemorum
1183 1071 1422 1168 terga
1471 1054 1985 1149 circumeant
2008 1117 2037 1170 ,
2097 1055 2635 1174 clamoreque
2688 1055 3069 1174 ancipiti,

96 1217 104 1224 ·
205 1197 304 1291 δε
337 1173 730 1313 subffec'tis
799 1196 1189 1290 arborum
1246 1194 1485 1310 stragi
1558 1195 1893 1310 ignibus
1967 1215 2546 1342 oppugnantes
2602 1213 3063 1288 morentur

51 1343 64 1354 '
207 1327 292 1432 Ii
356 1336 736 1430 intentis
755 1336 858 1431 in
920 1335 1631 1455 oppugnationem
1713 1331 2119 1428 Bohemis
2181 1337 2377 1430 cum
2462 1337 2571 1428 ab
2656 1354 2905 1454 tergo
2976 1334 3069 1429 se
3177 1319 3387 1392 ΑΨ·
3434 1323 3542 1398 Β·-

209 1474 791 1594 ostendiss'ent‚
863 1478 1229 1570 clamore
1280 1472 1605 1568 sublato
1661 1501 2049 1590 magnam
2102 1477 2471 1573 telorum
2536 1479 2719 1572 vim
2778 1477 2870 1584 in
2925 1483 3072 1570 110-
3094 1410 3310 1482 um
3331 1411 3521 1480 ‘M‘

135 1725 138 1730 ,
205 1621 418 1712 stem
461 1636 1028 1740 contorquent
1047 1687 1074 1735 ,
1142 1619 1384 1734 ignes
1426 1617 1943 1727 circumdant
1981 1619 2441 1712 arboribus.
2638 1617 3068 1713 Buhemus

207 1759 460 1852 miles
499 1759 906 1876 majorem
953 1785 1251 1852 eorum
1285 1755 1735 1876 suspicatus
1773 1783 2216 1852 numerum
2262 1757 2549 1876 fugam
2596 1759 2884 1876 arripit
2906 1827 2935 1876 ,
2977 1759 3076 1864 ὅς

188 1900 679 2020 .praefidiarii
722 1901 828 1990 ad
892 1897 1602 1992 vociferationem
1657 1895 1995 1990 suorum
2060 1901 2505 2020 eruptione
2571 1895 2786 1992 facta
2850 1897 3073 2000 telo-

211 2067 400 2132 rum
443 2041 716 2172 imbre
761 2037 1269 2157 firgientium
1334 2058 1570 2154 terga
1627 2047 2045 2158 premunt.
2265 2037 2401 2134 Ita
2452 2039 2931 2160 deprehenfi
2977 2037 3071 2132 in
3144 2135 3151 2142 ,

207 2209 470 2274 cavea
507 2179 870 2277 Bohemi
889 2251 917 2299 ,
997 2181 1190 2276 hinc
1225 2209 1272 2272 a
1314 2199 1563 2296 tergo
1621 2175 2041 2299 hostibus,
2114 2181 2317 2276 inde
2393 2207 2441 2273 a
2484 2179 2770 2276 fronte
2816 2179 3071 2275 'omni

205 2328 444 2416 hoste
483 2324 852 2418 atrocius
907 2323 1402 2438 urgentibus
1447 2321 1904 2438 flammis,
1929 2325 2303 2429 trecenti
2362 2324 2454 2416 in
2520 2320 2689 2440 ipsa
2760 2321 3073 2440 indagi

213 2491 380 2581 ne,
454 2465 544 2559 δι
579 2465 960 2585 plerique
1001 2463 1611 2583 accipientibus
1658 2463 2053 2557 celeriter
2070 2534 2099 2580 ,
2162 2461 2309 2581 &
2286 2493 2375 2557 ιιι
2410 2464 2849 2583 proximos
2893 2464 3077 2558 vul

154 2685 176 2704 .
219 2606 622 2720 gantibus
687 2608 1003 2721 ignem
1055 2608 1326 2724 piceis
1391 2605 1676 2695 loricis
1737 2602 2321 2698 miserabiliter
2388 2594 2657 2699 exusti
2720 2604 3068 2697 cadunt·
3044 2662 3077 2719 ,

219 2749 488 2842 ceteri
547 2768 939 2891 perrupta
973 2746 1326 2839 hostium
1371 2746 1552 2837 acie
1593 2745 2113 2865 trepidantes
2184 2772 2379 2841 cum
2460 2742 2881 2865 praefectis
2946 2742 3077 2837 fu·

179 2898 407 2987 ‚rore
445 2876 972 3003 tingentibus
1029 2908 1331 3008 pretet
1381 2884 1630 3006 spem
1683 2878 2061 2981 e'vasere.
2274 2880 2491 2979 Haec
2536 2910 2813 3013 pugna
2843 2888 3076 3007 quie·

31 3032 42 3043 '
219 3048 405 3119 tum
448 3030 536 3118 in
571 3022 978 3121 Bo'hemia
1038 3029 1439 3149 deinceps
1497 3054 1853 3146 annum,
1946 3027 2599 3148 rapinarumque
2637 3028 3079 3147 impunita·-

221 3186 404 3279 tem
437 3162 810 3259 Moravo
848 3166 1158 3258 vidior-i
1195 3171 1557 3289 peperit.
1699 3237 1711 3261 ..
1773 3166 1976 3273 Quo
2041 3170 2299 3261 etiam
2356 3188 2749 3289 tempore
2772 3236 2803 3283 ,
2878 3194 3075 3263 cum
3196 3186 3209 3199 '

221 3308 712 3400 obturbaret
759 3330 1074 3421 nemo,
1147 3308 1494 3399 castrum
1530 3302 1898 3432 Lipnize
1931 3306 2135 3398 laxo
2178 3308 2793 3417 communitum
2808 3376 2861 3423 ,
2872 3338 3073 3428 prze-

227 3446 624 3569 diumque
689 3436 1134 3543 Zbei'ss'ow‘·
1173 3434 1282 3533 (ὅ)
1399 3446 1851 3543 trucidatis
1909 3447 2192 3541 hieme
2272 3447 2638 3565 incoIiS,
2704 3444 3073 3543 Zbeiffo·

227 3622 233 3625 ·
387 3678 399 3691 ,
521 3616 688 3711 que
743 3590 918 3685 loci
959 3587 1304 3685 domino
1364 3616 1516 3710 per
1571 3574 1940 3683 summos
1985 3576 2403 3683 cruciatus
2443 3584 2781 3707 enectO,

971 3758 1170 3825 cum
1224 3758 1442 3857 pago
1513 3727 1944 3845 adjacente
1979 3730 2341 3827 flammis

1452 3874 1858 3967 exustum.

1341 4384 1346 4389 .
1474 4280 1866 4389 Eee‘a
2179 4288 2198 4319 ³
2726 4286 2947 4413 AN-
